4374 5528
987 244 1208 306 ..13-

185 438 271 522 quod
302 437 405 501 multo
437 437 516 500 mibi
546 435 673 501 videtur
704 441 868 521 praestem.
918 436 959 501 In
990 443 1131 501 exnemo
1161 438 1261 522 capite
1288 439 1334 503 sic
1363 439 1585 524 corrigendum
1612 459 1680 505 esse
1704 440 1870 506 iudicavit:
1905 462 2000 525 συμ·

183 540 395 631 μεμιγμένοις
416 551 504 608 πᾶσι
527 544 597 620 τοῖς
619 538 731 620 άλλοις
753 537 1018 630 ἐναποκρίνοντα
1041 538 1276 629 ὁμοιομερείας.

319 667 391 754 Cap.
409 672 442 752 5,
469 669 524 732 1.2
548 666 705 753 Bergkius
727 667 825 732 verba
845 661 1100 754 μετεωρολογίας
1126 665 1183 732 καὶ
1212 673 1247 733 ut
1269 669 1427 754 glossema
1447 669 1595 735 vocabuli
1616 667 1902 756 μεταρσιολεσχίας
1924 693 1997 737 cau·

184 775 273 842 cellis
300 777 557 861 circumscripsit:
592 774 713 839 dativos
735 775 858 839 restitui
879 775 948 840 volt
969 794 1028 860 pro
1050 776 1255 840 nominativis
1276 776 1296 839 l.
1312 777 1347 840 5:
1379 774 1565 861 προσώπου
1593 774 1777 842 συστάσει
1806 775 1997 864 άθράπτφ

186 876 233 960 είς
254 879 379 968 γέλωτα
400 879 458 947 καὶ
481 879 648 970 πρᾳότητι
670 875 809 965 πορείας
830 879 887 944 καὶ
907 878 1130 968 καταστολῇ
1147 879 1325 968 περιβολῆς
1342 881 1427 968 πρὸς
1445 878 1537 948 οδδέν
1554 879 1863 974 ἐκταραττομένη
1882 884 1999 964 πάθος

184 985 220 1054 ἐν
244 993 293 1075 τρῖ
319 985 502 1074 λέγεινκαὶ
524 985 731 1070 πλάσματι
754 997 864 1074 φωνης
886 984 1069 1072 donatae
1092 984 1149 1051 καὶ
1173 986 1235 1052 ὅσα
1257 997 1407 1069 τοιαῦτα,
1436 987 1565 1068 πάντας
1588 993 1789 1072 θαυμαστῶς
1811 988 1996 1082 ἐξέπληττε.

184 1096 309 1162 Ibidem
330 1097 350 1161 l.
370 1098 412 1161 20
437 1092 471 1159 ἐν
492 1097 566 1173 ταῖς
588 1095 876 1181 συμπεριφοραῖς,
910 1099 947 1158 ut
969 1093 1119 1176 Cobetus,
1147 1096 1193 1158 sic
1216 1097 1311 1160 etiam
1333 1094 1490 1181 Bergkius
1523 1100 1712 1182 suspicatur:
1751 1099 1838 1163 idem
1869 1101 1999 1165 anteivit

184 1203 341 1269 Batavum
369 1203 523 1268 adnotans
548 1201 569 1266 l.
585 1203 635 1266 23.
653 1203 697 1265 24
724 1194 960 1278 δοξοκοπίαν
987 1206 1019 1265 et
1045 1197 1280 1278 δοξοκοπεῖν
1308 1202 1410 1267 littera
1439 1227 1464 1285 μ
1492 1210 1564 1269 ante
1587 1224 1617 1267 π
1638 1210 1774 1290 utroque
1795 1206 1865 1270 loeo
1889 1207 1997 1272 deleta

320 1309 511 1394 Conspirant
531 1308 628 1373 iidem
651 1310 765 1390 critici,
794 1308 879 1393 quod
903 1313 935 1372 et
959 1309 1059 1392 capo
1084 1303 1127 1395 ἢν
1149 1312 1221 1393 (pro
1245 1306 1339 1397 όσην)
1360 1358 1367 1373 .
1388 1356 1396 1373 .
1421 1306 1628 1395 ἐνεργάζεται
1652 1312 1814 1376 emendari
1836 1312 1947 1377 iubent
1969 1320 2000 1378 et

185 1437 251 1502 cap.
272 1418 289 1480 7
321 1411 558 1503 ἀποτεθνήκει
584 1421 614 1480 et
640 1414 687 1478 τά
708 1412 881 1496 μάλιστα
910 1412 1092 1500 φαινόμενα
1118 1435 1283 1501 perperam
1309 1416 1423 1481 tradita
1450 1417 1595 1482 credunt:
1630 1418 1820 1484 dissentiunt
1847 1438 1884 1483 eo
1913 1420 1999 1504 quod

185 1522 347 1608 Bergkius
370 1518 534 1611 ἐλάχιστα,
563 1520 681 1610 ἣκιστα
708 1523 807 1586 suasit
830 1521 973 1586 Cobetus.
1019 1520 1144 1587 Deinde
1172 1523 1257 1607 quod
1282 1522 1419 1588 Cobetus
1443 1523 1524 1588 dixit
1550 1526 1585 1588 in
1612 1525 1682 1589 loco
1711 1526 1853 1590 eiusdem
1876 1529 2000 1611 capitis:

188 1625 292 1692 τάλλα
328 1624 364 1692 δέ
398 1622 512 1716 φίλους
543 1625 600 1692 καὶ
632 1628 768 1716 ῥηιορας
804 1622 950 1714 ἑταίρους
981 1626 1116 1705 καθιεὶς
1147 1622 1307 1714 έπραττεν
1338 1633 1497 1695 nemiuem
1529 1631 1596 1695 fore
1629 1633 1684 1715 qui
1718 1631 1899 1697 admonitus
1935 1652 2000 1697 non

189 1733 353 1821 reponeret
382 1732 441 1800 καί
467 1734 605 1823 ῥήτορας
632 1729 797 1821 ἑτέρους,
828 1737 885 1800 etsi
912 1736 1036 1800 facilem
1062 1755 1119 1820 per
1145 1756 1179 1800 se
1206 1737 1331 1801 videtm
1357 1737 1610 1802 emendationem
1633 1741 1846 1823 proposuisse,
1878 1733 2000 1803 facilius

189 1848 293 1908 amen
316 1842 474 1928 Bergkius
501 1844 615 1909 vitium
643 1842 770 1908 sustulit
792 1843 1043 1906 transmutando:
1076 1838 1179 1905 τάλλα
1202 1839 1239 1906 δέ
1261 1837 1375 1929 φίλους
1398 1839 1455 1906 καὶ
1477 1837 1658 1929 ἑταίρους
1680 1843 1846 1931 ῥήτορας
1868 1842 2001 1921 καθιείς

188 1942 357 2035 ἔπραττεν.
403 1949 444 2014 In
465 1952 602 2015 cansitu
624 1969 739 2014 moneo
763 1949 801 2014 de
825 1952 1017 2014 correctione
1039 1945 1145 2013 ταῦτ’
1165 1943 1225 2013 οὖν
1246 1970 1303 2035 pro
1326 1953 1415 2013 ταῦτ’
1439 1943 1495 2014 οὖν
1516 1953 1551 2014 in
1572 1950 1636 2015 fine
1659 1953 1769 2036 capitis
1793 1954 1901 2015 octavi.

319 2073 429 2160 Ospa
456 2074 700 2162 Ταναγρικὴν
722 2079 754 2139 et
776 2069 1091 2159 ἐρρωμενέστατα
1113 2074 1180 2160 τὴν
1201 2070 1338 2162 μάχην,
1367 2081 1404 2138 ut
1426 2073 1576 2157 Ochema,
1599 2077 1645 2139 sic
1668 2075 1824 2156 Bergkius
1848 2079 1998 2140 correxit:

185 2200 291 2266 neque
318 2182 470 2246 vitiosum
497 2200 565 2246 esse
592 2181 810 2266 imperfectum
838 2188 1056 2266 συνεπῃτιᾶτο
1084 2186 1217 2265 uterque
1244 2183 1294 2244 vir
1322 2181 1433 2244 doctus
1460 2200 1525 2245 non
1549 2182 1776 2245 animadvertit.
1822 2181 1905 2246 Vide
1927 2185 1999 2264 iam,

186 2293 296 2353 utrum
321 2289 422 2373 magis
449 2289 582 2372 placeat,
615 2287 765 2352 Cobetine
793 2280 1055 2374 συνεπητίατο
1082 2308 1124 2351 an
1147 2286 1276 2370 Bergkii
1304 2286 1631 2375 συνεπητιάσατο.
1677 2287 1710 2351 L
1729 2290 1761 2351 5:
1792 2281 1889 2352 ἔθετο
1916 2289 1999 2370 μετὰ

187 2402 253 2458 τῶν
274 2393 419 2482 φυλετῶν
441 2388 498 2472 εἷς
519 2392 630 2475 λόχον
652 2394 693 2457 τὰ
712 2392 802 2458 ὅπλα
820 2414 899 2458 num
918 2400 1001 2458 recte
1021 2394 1084 2458 dici
1102 2396 1200 2478 possit
1218 2394 1365 2460 dubium:
1390 2396 1523 2459 coniecit
1541 2394 1697 2480 Bergkius
1718 2391 1857 2476 μεθεὶς
1877 2394 1998 2476 χόλον,

186 2501 271 2587 qnod
297 2502 361 2566 loci
391 2503 564 2566 sententiae
592 2503 789 2586 aptissimum
818 2500 908 2565 duco.
953 2500 1072 2564 Eadem
1102 2507 1279 2565 correctura
1301 2501 1456 2565 utendum
1478 2502 1609 2566 fortasse
1632 2501 1708 2566 dicit
1729 2502 1824 2584 infra,
1846 2503 1938 2585 lsi,
1966 2506 1998 2566 in

184 2609 254 2674 loco
278 2603 316 2672 οδ
337 2607 402 2696 μην
424 2603 539 2671 otta
531 2631 588 2672 και
579 2604 710 2691 πρὸς
731 2629 796 2671 τον
818 2605 929 2687 λόχον
952 2604 1047 2684 απαξ
1067 2602 1123 2670 dv
1107 2603 1183 2695 στη
1205 2605 1274 2670 κτλ
1311 2607 1462 2672 Inexitu
1486 2614 1692 2692 cap11scum
1716 2615 1797 2673 stare
1820 2629 1885 2673 non
1908 2629 2000 2695 posse
2121 2685 2124 2694 Ι

186 2717 386 2800 cognovisset
406 2714 504 2779 verba
520 2694 709 2802 ἐτελεάτησε
732 2709 767 2777 δὲ
790 2709 944 2794 Κίμων
928 2736 962 2776 εν
984 2712 1110 2798 Κάπρῳ
1134 2721 1332 2802 στρατηγῶν,
1357 2715 1433 2778 haec
1455 2717 1593 2798 proximi
1617 2717 1726 2799 capitis
1749 2717 1839 2779 initio
1859 2716 2000 2780 attribuit

186 2821 238 2886 vel
267 2824 373 2906 potius
403 2821 573 2907 legendum
605 2822 697 2886 vidit:
672 2817 871 2908 λέπειόη
904 2817 945 2884 δέ
976 2815 1139 2903 Κίμων
1124 2843 1157 2882 εν
1188 2819 1315 2905 Κάπρῳ
1348 2817 1544 2922 ἐτελεύτησε,
1579 2844 1610 2884 οι
1644 2818 1688 2906 [δ
1693 2817 1755 2905 ]’
1735 2821 1998 2909 αριστοκρατικοι

186 2922 339 3013 μέγιστον
358 2924 419 3011 μέν
441 2923 502 3018 ἤδη
524 2928 581 2992 τὸν
602 2924 768 3014 Περικλέα
791 2926 859 2991 κτλ.

322 3051 393 3137 Cap.
408 3054 449 3117 12
475 3056 615 3138 primum
641 3055 676 3117 in
704 3053 876 3117 levioribus
903 3054 987 3116 viliis
1015 3052 1215 3116 restituendis
1243 3047 1314 3139 ἥδ’
1343 3045 1449 3115 ἐστιν
1478 3058 1548 3136 (pro
1577 3045 1713 3133 ἔνεστιν)
1742 3048 1831 3136 αὐτῷ
1858 3053 1892 3133 (1.
1910 3056 1944 3135 9)
1969 3063 1999 3118 et

186 3157 255 3224 δεῖν
278 3163 351 3245 (pro
374 3158 439 3242 δεῖ)
462 3157 498 3224 δέ
520 3170 578 3247 της
600 3157 729 3236 πόλεως
752 3157 820 3222 κτλ.
845 3160 879 3241 (l.
896 3162 953 3242 22)
977 3158 1151 3244 Bergidum
1175 3178 1248 3223 cum
1272 3158 1389 3223 Cobeto
1412 3161 1582 3223 convenire
1604 3158 1800 3222 monendum
1823 3165 1882 3224 est:
1912 3161 2000 3225 addit

185 3272 293 3332 autem
316 3266 355 3332 de
378 3286 438 3332 suo
460 3267 694 3331 emendationes
718 3268 788 3343 τοῖς
810 3261 1052 3352 εἰσφερομένοις
1074 3264 1132 3328 ὑπ’
1156 3261 1254 3352 αὐτῆς
1277 3260 1506 3349 ἀναγκαίοις
1534 3269 1605 3349 (pro
1629 3265 1778 3330 adverbio
1802 3261 1998 3350 ἀναγκαίως)

185 3372 270 3458 πρὸς
296 3372 353 3438 τὸν
379 3370 539 3456 πόλεμον,
569 3393 665 3457 quam
695 3373 824 3456 quidem
852 3374 1103 3438 emendationem
1132 3392 1173 3436 ex
1195 3372 1288 3436 l23:
1317 3370 1385 3435 δεῖν
1413 3367 1449 3435 δέ
1471 3382 1528 3458 τῆς
1550 3370 1680 3449 πόλεως
1702 3370 1999 3461 κατεσκευασμένης

188 3472 304 3557 ἱκανῶς
325 3482 396 3558 τοῖς
418 3474 608 3564 ἀναγκαίοις
630 3479 715 3563 πρὸς
737 3479 793 3542 τὸν
820 3477 965 3560 πόλεμον
992 3480 1109 3544 hausit:
1143 3487 1250 3564 postea
1271 3479 1291 3542 l.
1309 3481 1349 3542 15
1365 3479 1477 3563 ὥσπερ
1498 3475 1638 3557 άλαζόνα
1657 3482 1791 3564 γυναῖκα
1809 3501 1997 3564 περιαπτο-

188 3581 286 3674 μένην
306 3581 425 3663 λίθους
445 3585 636 3663 πολυτελεῖς
659 3584 748 3672 [καὶ]
773 3582 969 3669 ἀγάλμασι
998 3583 1062 3649 καὶ
1086 3589 1195 3662 ναοῖς
1214 3584 1533 3667 χιλιοταλάντοις
1550 3607 1607 3671 pro
1626 3588 1811 3650 accusativis
1829 3586 1998 3669 edeficiis,

188 3698 345 3778 postremo
369 3688 547 3771 ἐξουσίαν
569 3714 626 3778 pro
650 3687 808 3776 εὐπορίαν
830 3694 849 3757 l.
866 3695 908 3756 24
931 3693 1118 3758 emendavit.
1163 3692 1330 3777 Ingeniosa
1353 3691 1509 3778 Bergkius

320 3835 386 3903 cap.
403 3821 459 3902 13,
481 3819 501 3882 l.
518 3821 559 3883 32
583 3820 745 3903 prospexit
767 3819 837 3882 loco
861 3816 980 3881 Cratini

852 3940 962 4005 πάλαι
985 3941 1045 4026 γὰρ
1069 3936 1162 4020 αὐτό,
1186 3935 1282 4029 φησί,

541 4048 666 4135 λόγοισι
690 4048 829 4134 προάγει
852 4045 1048 4136 Περικλέης,
1073 4043 1197 4133 ἔργοισι
1220 4046 1249 4111 δ’
1273 4044 1361 4112 οὐδὲ
1384 4052 1497 4127 κινεῖ,

184 4193 259 4240 cum
282 4171 360 4240 οὐδ’
383 4170 548 4240 δίκαιναν
570 4181 680 4260 poetae
698 4195 830 4239 manum
848 4193 994 4239 exarasse
1013 4173 1074 4238 sibi
1092 4175 1305 4257 persuasisset
1341 4167 1421 4256 Ἐγὼ
1444 4170 1478 4235 δ’
1501 4168 1539 4235 ἐν
1561 4171 1676 4257 πολλῶ
1697 4171 1799 4258 χρόνῳ
1823 4176 1857 4256 (l.
1874 4176 1908 4255 9)
1923 4173 1998 4238 Plu·

185 4283 291 4347 tarcho
318 4281 456 4347 reddidit
483 4284 577 4346 etiam
600 4280 749 4346 Cobetus:
778 4282 863 4345 idem
891 4288 922 4345 et
953 4277 986 4343 ἐν
1012 4284 1053 4368 τῇ
1081 4278 1180 4367 στήλη
1209 4275 1464 4364 ἀναγέγραπται
1492 4282 1564 4363 (pro
1592 4269 1675 4343 εἶναι
1699 4276 1880 4365 γέγραπται
1904 4281 1922 4343 l.
1939 4281 1997 4362 58)

185 4394 216 4453 ct
242 4397 549 4478 συστρατηγοδντος
575 4392 647 4473 (pro
676 4387 1009 4475 ὑποστρατηγοῦντος)
1038 4388 1188 4452 correxit:
1219 4386 1380 4472 displicuit
1401 4385 1538 4471 Bergkic
1567 4389 1661 4452 etiam
1688 4395 1815 4464 ταῶνας
1841 4382 1993 4473 ὑφιέναι

185 4497 259 4573 ταῖς
280 4490 437 4581 γυναιξίνε
461 4497 594 4561 tentavit
616 4489 795 4559 πιαίνειν
816 4495 869 4559 vel
891 4503 1025 4575 πιᾶναι,
1051 4495 1164 4559 deiude
1188 4490 1356 4580 ἐφιέναι,
1380 4500 1448 4558 tum
1472 4491 1689 4558 δποτεῖναι.

320 4617 571 4706 0ap.15,1.26
599 4621 633 4683 in
657 4620 761 4685 verbis
785 4617 840 4684 καὶ
864 4617 1031 4707 φθόγγους
1055 4629 1159 4706 ψυχῆς
1179 4617 1257 4700 μάλ’
1280 4615 1437 4701 ἐμμελοῦς
1458 4614 1545 4704 ιλφης
1567 4615 1623 4682 καὶ
1647 4617 1807 4705 κρούσεως
1830 4614 1998 4700 δεομένους

184 4727 342 4814 Bergkius
363 4731 540 4814 genitivum
563 4723 749 4815 δεομένης
771 4728 908 4792 scribere
930 4727 1055 4792 maluit:
1079 4728 1216 4792 restituit
1238 4727 1393 4791 sermonis
1415 4727 1550 4789 nitorem
1573 4725 1650 4790 130
1675 4724 1854 4790 scribendo:
1883 4718 1919 4802 ὃς
1940 4722 1996 4790 καὶ

185 4834 244 4923 τὴν
270 4831 414 4900 πόλιν
398 4858 436 4899 εκ
457 4833 600 4924 μεγάλης
620 4828 775 4922 μεγίστην
797 4831 853 4897 καὶ
877 4831 1128 4922 πλουσιωτάτην
1150 4831 1295 4920 ποιήσας
1317 4855 1374 4896 και
1366 4829 1564 5002 γενόμέενος
1587 4828 1685 4917 [καὶ]
1709 4828 1842 4913 δυνάμει
1865 4829 1998 4951 πολλῶν

184 4938 347 5024 βασιλέων
368 4939 426 5006 καὶ
448 4941 608 5028 τυράννων
631 4934 867 5027 ὑπέρτερος,
842 4964 887 5004 ων
909 4934 990 5005 ἔνιοι
1015 4937 1071 5004 καί
1094 4935 1337 5025 ἐπίλτροπον)
1361 4942 1431 5018 τοῖς
1454 4962 1482 5004 τι
1486 4933 1536 5002 έσι
1560 4934 1720 5003 διέθεντο.
