<?xml version="1.0" encoding="UTF-8"?>
<!DOCTYPE html PUBLIC "-//W3C//DTD XHTML 1.0 Transitional//EN"
    "http://www.w3.org/TR/xhtml1/DTD/xhtml1-transitional.dtd">
<html xmlns="http://www.w3.org/1999/xhtml" xml:lang="en" lang="en">
 <head>
  <title>
</title>
<meta http-equiv="Content-Type" content="text/html;charset=utf-8" />
  <meta name='ocr-system' content='tesseract 3.04.00' />
  <meta name='ocr-capabilities' content='ocr_page ocr_carea ocr_par ocr_line ocrx_word'/>
</head>
<body>
  <div class='ocr_page' id='page_1' title='image "./quaestionestheo00jordgoog_0030.png"; bbox 0 0 4374 5528; ppageno 0'>
   <div class='ocr_carea' id='block_1_1' title="bbox 991 294 1189 355">
    <p class='ocr_par' dir='ltr' id='par_1_1' title="bbox 991 294 1189 355">
     <span class='ocr_line' id='line_1_1' title="bbox 991 294 1189 355; baseline -0.01 -14"><span class='ocrx_word' id='word_1_1' title='bbox 991 294 1189 355; x_wconf 70' lang='grc'>,9.-</span> 
     </span>
    </p>
   </div>
   <div class='ocr_carea' id='block_1_2' title="bbox 185 483 1511 1377">
    <p class='ocr_par' dir='ltr' id='par_1_2' title="bbox 185 483 1511 902">
     <span class='ocr_line' id='line_1_2' title="bbox 612 483 1366 578; baseline -0.011 -23"><span class='ocrx_word' id='word_1_2' title='bbox 612 487 682 578; x_wconf 79' lang='grc' dir='ltr'><em>ήτοι</em></span> <span class='ocrx_word' id='word_1_3' title='bbox 707 488 725 554; x_wconf 89' lang='grc' dir='ltr'><em>ό</em></span> <span class='ocrx_word' id='word_1_4' title='bbox 747 485 808 570; x_wconf 84' lang='grc' dir='ltr'>μέν</span> <span class='ocrx_word' id='word_1_5' title='bbox 829 483 1034 574; x_wconf 77' lang='grc' dir='ltr'><strong><em>πτολίεθρον</em></strong></span> <span class='ocrx_word' id='word_1_6' title='bbox 1056 484 1177 572; x_wconf 79' lang='grc' dir='ltr'>ἀγαυοῦ</span> <span class='ocrx_word' id='word_1_7' title='bbox 1200 483 1366 572; x_wconf 86' lang='grc' dir='ltr'><em>Μιλήτοιο</em></span> 
     </span>
     <span class='ocr_line' id='line_1_3' title="bbox 611 583 1511 684; baseline -0.01 -23"><span class='ocrx_word' id='word_1_8' title='bbox 611 592 806 684; x_wconf 85' lang='grc' dir='ltr'><em>νοσφισθείς</em></span> <span class='ocrx_word' id='word_1_9' title='bbox 826 589 980 681; x_wconf 80' lang='grc' dir='ltr'><em>Ἐργῖνος,</em></span> <span class='ocrx_word' id='word_1_10' title='bbox 1005 594 1023 659; x_wconf 88' lang='grc' dir='ltr'><em>ό</em></span> <span class='ocrx_word' id='word_1_11' title='bbox 1048 592 1077 658; x_wconf 88' lang='grc' dir='ltr'>δ’</span> <span class='ocrx_word' id='word_1_12' title='bbox 1100 588 1284 681; x_wconf 83' lang='grc' dir='ltr'><em>Ἰμβρασίης</em></span> <span class='ocrx_word' id='word_1_13' title='bbox 1306 585 1378 668; x_wconf 71' lang='grc' dir='ltr'><em>θ’δος</em></span> <span class='ocrx_word' id='word_1_14' title='bbox 1394 583 1511 678; x_wconf 88' lang='grc' dir='ltr'><em>Ἥρης,</em></span> 
     </span>
     <span class='ocr_line' id='line_1_4' title="bbox 610 696 1171 792; baseline -0.007 -24"><span class='ocrx_word' id='word_1_15' title='bbox 610 697 817 792; x_wconf 76' lang='grc' dir='ltr'><strong><em>Παρθενίην,</em></strong></span> <span class='ocrx_word' id='word_1_16' title='bbox 842 696 993 787; x_wconf 82' lang='grc' dir='ltr'><em>’Λγκαῖος</em></span> <span class='ocrx_word' id='word_1_17' title='bbox 1015 697 1171 786; x_wconf 79' lang='grc' dir='ltr'><em>ὑπέρβιος</em></span> 
     </span>
     <span class='ocr_line' id='line_1_5' title="bbox 185 809 874 902; baseline -0.013 -19"><span class='ocrx_word' id='word_1_18' title='bbox 185 823 216 884; x_wconf 91' lang='lat' dir='ltr'>et</span> <span class='ocrx_word' id='word_1_19' title='bbox 238 816 322 902; x_wconf 88' lang='lat' dir='ltr'>apud</span> <span class='ocrx_word' id='word_1_20' title='bbox 346 814 483 881; x_wconf 86' lang='lat' dir='ltr'>eundem</span> <span class='ocrx_word' id='word_1_21' title='bbox 505 818 628 899; x_wconf 89' lang='lat' dir='ltr'>poetam</span> <span class='ocrx_word' id='word_1_22' title='bbox 651 809 700 876; x_wconf 86' lang='lat' dir='ltr'>IV</span> <span class='ocrx_word' id='word_1_23' title='bbox 715 811 779 875; x_wconf 87' lang='grc'>362</span> <span class='ocrx_word' id='word_1_24' title='bbox 794 829 874 894; x_wconf 86' lang='lat' dir='ltr'>seq.:</span> 
     </span>
    </p>

    <p class='ocr_par' dir='ltr' id='par_1_3' title="bbox 608 906 1465 1129">
     <span class='ocr_line' id='line_1_6' title="bbox 608 906 1465 1024; baseline -0.008 -25"><span class='ocrx_word' id='word_1_25' title='bbox 608 933 740 1024; x_wconf 78' lang='grc' dir='ltr'>πάτρην</span> <span class='ocrx_word' id='word_1_26' title='bbox 762 956 799 998; x_wconf 86' lang='grc' dir='ltr'>τε</span> <span class='ocrx_word' id='word_1_27' title='bbox 821 929 900 998; x_wconf 86' lang='grc' dir='ltr'><em>κλέα</em></span> <span class='ocrx_word' id='word_1_28' title='bbox 922 955 959 998; x_wconf 86' lang='grc' dir='ltr'>τε</span> <span class='ocrx_word' id='word_1_29' title='bbox 979 906 1130 1019; x_wconf 77' lang='grc' dir='ltr'><em>μεγάρων</em></span> <span class='ocrx_word' id='word_1_30' title='bbox 1150 927 1266 1008; x_wconf 81' lang='grc' dir='ltr'><em>αὐτούς</em></span> <span class='ocrx_word' id='word_1_31' title='bbox 1288 952 1324 995; x_wconf 90' lang='grc' dir='ltr'>τε</span> <span class='ocrx_word' id='word_1_32' title='bbox 1346 939 1465 1017; x_wconf 71' lang='grc' dir='ltr'><em>τοκῆας</em></span> 
     </span>
     <span class='ocr_line' id='line_1_7' title="bbox 611 1034 1254 1129; baseline -0.008 -23"><span class='ocrx_word' id='word_1_33' title='bbox 611 1039 831 1129; x_wconf 78' lang='grc' dir='ltr'>νοσφισάμην,</span> <span class='ocrx_word' id='word_1_34' title='bbox 855 1037 898 1103; x_wconf 92' lang='grc' dir='ltr'>τά</span> <span class='ocrx_word' id='word_1_35' title='bbox 919 1062 977 1121; x_wconf 93' lang='grc' dir='ltr'>μοι</span> <span class='ocrx_word' id='word_1_36' title='bbox 1001 1035 1054 1128; x_wconf 82' lang='grc' dir='ltr'>ήεν</span> <span class='ocrx_word' id='word_1_37' title='bbox 1076 1034 1254 1125; x_wconf 87' lang='grc' dir='ltr'><em>ὑπίρτατα.</em></span> 
     </span>
    </p>

    <p class='ocr_par' dir='ltr' id='par_1_4' title="bbox 317 1163 1478 1377">
     <span class='ocr_line' id='line_1_8' title="bbox 317 1163 1393 1251; baseline -0.009 -15"><span class='ocrx_word' id='word_1_38' title='bbox 317 1170 474 1248; x_wconf 77' lang='lat' dir='ltr'>Quocirca</span> <span class='ocrx_word' id='word_1_39' title='bbox 496 1187 563 1233; x_wconf 91' lang='lat' dir='ltr'>non</span> <span class='ocrx_word' id='word_1_40' title='bbox 586 1166 697 1231; x_wconf 89' lang='lat' dir='ltr'>dubito</span> <span class='ocrx_word' id='word_1_41' title='bbox 720 1167 798 1251; x_wconf 88' lang='lat' dir='ltr'>quin</span> <span class='ocrx_word' id='word_1_42' title='bbox 821 1165 919 1230; x_wconf 89' lang='lat' dir='ltr'>semel</span> <span class='ocrx_word' id='word_1_43' title='bbox 942 1166 1082 1229; x_wconf 91' lang='lat' dir='ltr'>monitus</span> <span class='ocrx_word' id='word_1_44' title='bbox 1104 1165 1314 1249; x_wconf 81' lang='lat' dir='ltr'>rescripturus</span> <span class='ocrx_word' id='word_1_45' title='bbox 1336 1163 1393 1227; x_wconf 89' lang='lat' dir='ltr'>sis:</span> 
     </span>
     <span class='ocr_line' id='line_1_9' title="bbox 612 1281 1478 1377; baseline -0.008 -22"><span class='ocrx_word' id='word_1_46' title='bbox 612 1289 738 1375; x_wconf 88' lang='grc' dir='ltr'><em>πατρὸς</em></span> <span class='ocrx_word' id='word_1_47' title='bbox 760 1291 982 1377; x_wconf 72' lang='grc' dir='ltr'><em>νοσφισθεῖσα</em></span> <span class='ocrx_word' id='word_1_48' title='bbox 1005 1286 1138 1371; x_wconf 82' lang='grc' dir='ltr'><em>δόμον,</em></span> <span class='ocrx_word' id='word_1_49' title='bbox 1163 1285 1267 1376; x_wconf 80' lang='grc' dir='ltr'><em>ξανθή</em></span> <span class='ocrx_word' id='word_1_50' title='bbox 1288 1281 1478 1375; x_wconf 77' lang='grc' dir='ltr'><em>Ἀταλάντη.</em></span> 
     </span>
    </p>
   </div>
   <div class='ocr_carea' id='block_1_3' title="bbox 147 1408 2002 2518">
    <p class='ocr_par' dir='ltr' id='par_1_5' title="bbox 147 1408 2000 1825">
     <span class='ocr_line' id='line_1_10' title="bbox 319 1408 2000 1500; baseline -0.007 -16"><span class='ocrx_word' id='word_1_51' title='bbox 319 1417 396 1484; x_wconf 71' lang='lat' dir='ltr'>XX</span> <span class='ocrx_word' id='word_1_52' title='bbox 441 1417 617 1482; x_wconf 84' lang='lat' dir='ltr'>Literarum</span> <span class='ocrx_word' id='word_1_53' title='bbox 643 1417 796 1500; x_wconf 83' lang='lat' dir='ltr'>vestigiis,</span> <span class='ocrx_word' id='word_1_54' title='bbox 824 1417 966 1499; x_wconf 89' lang='lat' dir='ltr'>quaein</span> <span class='ocrx_word' id='word_1_55' title='bbox 994 1414 1062 1479; x_wconf 75' lang='grc' dir='ltr'><em>οοδ.</em></span> <span class='ocrx_word' id='word_1_56' title='bbox 1085 1414 1117 1478; x_wconf 84' lang='grc' dir='ltr'><strong>Α</strong></span> <span class='ocrx_word' id='word_1_57' title='bbox 1139 1419 1321 1499; x_wconf 81' lang='lat' dir='ltr'>comparent</span> <span class='ocrx_word' id='word_1_58' title='bbox 1342 1408 1521 1498; x_wconf 88' lang='grc' dir='ltr'><em>παιδαῖδη,</em></span> <span class='ocrx_word' id='word_1_59' title='bbox 1545 1410 1599 1475; x_wconf 91' lang='lat' dir='ltr'>alii</span> <span class='ocrx_word' id='word_1_60' title='bbox 1622 1410 1684 1474; x_wconf 85' lang='lat' dir='ltr'>alio</span> <span class='ocrx_word' id='word_1_61' title='bbox 1708 1408 1803 1474; x_wconf 89' lang='lat' dir='ltr'>modo</span> <span class='ocrx_word' id='word_1_62' title='bbox 1826 1409 1867 1473; x_wconf 92' lang='lat' dir='ltr'>ad</span> <span class='ocrx_word' id='word_1_63' title='bbox 1889 1413 2000 1494; x_wconf 89' lang='lat' dir='ltr'>poetae</span> 
     </span>
     <span class='ocr_line' id='line_1_11' title="bbox 184 1521 1455 1606; baseline -0.007 -14"><span class='ocrx_word' id='word_1_64' title='bbox 184 1547 318 1593; x_wconf 91' lang='lat' dir='ltr'>manum</span> <span class='ocrx_word' id='word_1_65' title='bbox 339 1523 565 1590; x_wconf 87' lang='lat' dir='ltr'>restituendam</span> <span class='ocrx_word' id='word_1_66' title='bbox 586 1524 638 1588; x_wconf 89' lang='lat' dir='ltr'>usi</span> <span class='ocrx_word' id='word_1_67' title='bbox 659 1527 749 1588; x_wconf 90' lang='lat' dir='ltr'>sunt:</span> <span class='ocrx_word' id='word_1_68' title='bbox 772 1522 962 1586; x_wconf 72' lang='lat' dir='ltr'>dubitanter</span> <span class='ocrx_word' id='word_1_69' title='bbox 983 1521 1155 1606; x_wconf 86' lang='lat' dir='ltr'>Berglrius:</span> <span class='ocrx_word' id='word_1_70' title='bbox 1449 1550 1455 1561; x_wconf 94' lang='lat'><em>·</em></span> 
     </span>
     <span class='ocr_line' id='line_1_12' title="bbox 933 1623 1334 1714; baseline -0.002 -22"><span class='ocrx_word' id='word_1_71' title='bbox 933 1628 972 1692; x_wconf 88' lang='grc' dir='ltr'>σὺ</span> <span class='ocrx_word' id='word_1_72' title='bbox 995 1625 1157 1692; x_wconf 82' lang='grc' dir='ltr'><em>δὲταῦτα</em></span> <span class='ocrx_word' id='word_1_73' title='bbox 1180 1623 1334 1714; x_wconf 81' lang='grc' dir='ltr'><em>φύλαξαι,</em></span> 
     </span>
     <span class='ocr_line' id='line_1_13' title="bbox 147 1731 1319 1825; baseline -0.004 -23"><span class='ocrx_word' id='word_1_74' title='bbox 147 1821 149 1825; x_wconf 10' lang='lat'><strong>¹</strong></span> <span class='ocrx_word' id='word_1_75' title='bbox 610 1732 695 1823; x_wconf 84' lang='grc' dir='ltr'><em>μηδέ</em></span> <span class='ocrx_word' id='word_1_76' title='bbox 717 1753 754 1800; x_wconf 87' lang='grc' dir='ltr'>σε</span> <span class='ocrx_word' id='word_1_77' title='bbox 776 1734 891 1822; x_wconf 81' lang='grc' dir='ltr'><em>νικήση</em></span> <span class='ocrx_word' id='word_1_78' title='bbox 914 1732 1024 1799; x_wconf 88' lang='grc' dir='ltr'><em>παῖδ’</em></span> <span class='ocrx_word' id='word_1_79' title='bbox 1048 1731 1147 1822; x_wconf 83' lang='grc' dir='ltr'><em>άδαή</em></span> <span class='ocrx_word' id='word_1_80' title='bbox 1169 1732 1319 1822; x_wconf 79' lang='grc' dir='ltr'><em>κακότης.</em></span> 
     </span>
    </p>

    <p class='ocr_par' dir='ltr' id='par_1_6' title="bbox 184 1855 2002 2157">
     <span class='ocr_line' id='line_1_14' title="bbox 188 1855 2002 1948; baseline -0.005 -20"><span class='ocrx_word' id='word_1_81' title='bbox 188 1865 232 1929; x_wconf 87' lang='lat' dir='ltr'>At</span> <span class='ocrx_word' id='word_1_82' title='bbox 247 1864 376 1948; x_wconf 80' lang='lat' dir='ltr'>languet</span> <span class='ocrx_word' id='word_1_83' title='bbox 392 1863 604 1927; x_wconf 82' lang='lat' dir='ltr'>accusativus:</span> <span class='ocrx_word' id='word_1_84' title='bbox 624 1879 741 1944; x_wconf 88' lang='lat' dir='ltr'>sequor</span> <span class='ocrx_word' id='word_1_85' title='bbox 753 1862 851 1945; x_wconf 80' lang='lat' dir='ltr'>igitur</span> <span class='ocrx_word' id='word_1_86' title='bbox 868 1879 938 1924; x_wconf 88' lang='lat' dir='ltr'>eam</span> <span class='ocrx_word' id='word_1_87' title='bbox 957 1861 1043 1924; x_wconf 79' lang='lat' dir='ltr'>viam</span> <span class='ocrx_word' id='word_1_88' title='bbox 1057 1880 1121 1944; x_wconf 90' lang='lat' dir='ltr'>qua</span> <span class='ocrx_word' id='word_1_89' title='bbox 1138 1862 1215 1924; x_wconf 88' lang='lat' dir='ltr'>scite</span> <span class='ocrx_word' id='word_1_90' title='bbox 1230 1858 1266 1922; x_wconf 85' lang='lat' dir='ltr'>G.</span> <span class='ocrx_word' id='word_1_91' title='bbox 1280 1858 1485 1923; x_wconf 88' lang='lat' dir='ltr'>Hermannus</span> <span class='ocrx_word' id='word_1_92' title='bbox 1503 1858 1647 1941; x_wconf 78' lang='lat' dir='ltr'>praeivit:</span> <span class='ocrx_word' id='word_1_93' title='bbox 1673 1856 1729 1940; x_wconf 91' lang='lat' dir='ltr'>qui</span> <span class='ocrx_word' id='word_1_94' title='bbox 1748 1875 1823 1919; x_wconf 87' lang='lat' dir='ltr'>cum</span> <span class='ocrx_word' id='word_1_95' title='bbox 1842 1855 2002 1940; x_wconf 87' lang='lat' dir='ltr'>eleganter</span> 
     </span>
     <span class='ocr_line' id='line_1_15' title="bbox 186 1955 2002 2058; baseline -0.004 -24"><span class='ocrx_word' id='word_1_96' title='bbox 186 1967 329 2047; x_wconf 85' lang='grc' dir='ltr'><em>παιδός</em></span> <span class='ocrx_word' id='word_1_97' title='bbox 349 1962 416 2058; x_wconf 79' lang='grc' dir='ltr'>ἴση</span> <span class='ocrx_word' id='word_1_98' title='bbox 438 1969 619 2050; x_wconf 82' lang='lat' dir='ltr'>coniecerit,</span> <span class='ocrx_word' id='word_1_99' title='bbox 642 1987 701 2031; x_wconf 91' lang='lat' dir='ltr'>nos</span> <span class='ocrx_word' id='word_1_100' title='bbox 724 1987 820 2047; x_wconf 89' lang='lat' dir='ltr'>quam</span> <span class='ocrx_word' id='word_1_101' title='bbox 843 1969 983 2031; x_wconf 87' lang='lat' dir='ltr'>maxime</span> <span class='ocrx_word' id='word_1_102' title='bbox 1004 1967 1045 2031; x_wconf 92' lang='lat' dir='ltr'>ad</span> <span class='ocrx_word' id='word_1_103' title='bbox 1067 1967 1230 2030; x_wconf 89' lang='lat' dir='ltr'>literarum</span> <span class='ocrx_word' id='word_1_104' title='bbox 1248 1955 1436 2029; x_wconf 70' lang='lat' dir='ltr'>tradimnm</span> <span class='ocrx_word' id='word_1_105' title='bbox 1449 1965 1579 2048; x_wconf 78' lang='lat' dir='ltr'>vestigia</span> <span class='ocrx_word' id='word_1_106' title='bbox 1595 1964 1820 2028; x_wconf 86' lang='lat' dir='ltr'>convenienter</span> <span class='ocrx_word' id='word_1_107' title='bbox 1832 1963 2002 2027; x_wconf 80' lang='lat' dir='ltr'>inventum</span> 
     </span>
     <span class='ocr_line' id='line_1_16' title="bbox 184 2072 1285 2157; baseline -0.008 -14"><span class='ocrx_word' id='word_1_108' title='bbox 184 2079 245 2142; x_wconf 81' lang='lat' dir='ltr'>viri</span> <span class='ocrx_word' id='word_1_109' title='bbox 267 2077 441 2142; x_wconf 76' lang='lat' dir='ltr'>acutissimi</span> <span class='ocrx_word' id='word_1_110' title='bbox 461 2076 575 2140; x_wconf 88' lang='lat' dir='ltr'>leniter</span> <span class='ocrx_word' id='word_1_111' title='bbox 596 2075 643 2139; x_wconf 89' lang='lat' dir='ltr'>sio</span> <span class='ocrx_word' id='word_1_112' title='bbox 663 2075 885 2157; x_wconf 77' lang='lat' dir='ltr'>immutamus,</span> <span class='ocrx_word' id='word_1_113' title='bbox 908 2080 946 2137; x_wconf 91' lang='lat' dir='ltr'>nt</span> <span class='ocrx_word' id='word_1_114' title='bbox 966 2072 1139 2137; x_wconf 76' lang='lat' dir='ltr'>reddamus</span> <span class='ocrx_word' id='word_1_115' title='bbox 1161 2078 1285 2157; x_wconf 85' lang='lat' dir='ltr'>poetae:</span> 
     </span>
    </p>

    <p class='ocr_par' dir='ltr' id='par_1_7' title="bbox 185 2178 1998 2518">
     <span class='ocr_line' id='line_1_17' title="bbox 936 2178 1331 2284; baseline -0.005 -22"><span class='ocrx_word' id='word_1_116' title='bbox 936 2198 975 2262; x_wconf 86' lang='grc' dir='ltr'><em>σὺ</em></span> <span class='ocrx_word' id='word_1_117' title='bbox 998 2195 1034 2261; x_wconf 81' lang='grc' dir='ltr'>δὲ</span> <span class='ocrx_word' id='word_1_118' title='bbox 1057 2205 1158 2261; x_wconf 83' lang='grc' dir='ltr'><em>ταῦτα</em></span> <span class='ocrx_word' id='word_1_119' title='bbox 1181 2178 1331 2284; x_wconf 82' lang='grc' dir='ltr'><em>φύλαξαι,</em></span> 
     </span>
     <span class='ocr_line' id='line_1_18' title="bbox 612 2297 1376 2394; baseline -0.005 -24"><span class='ocrx_word' id='word_1_120' title='bbox 612 2302 696 2394; x_wconf 86' lang='grc' dir='ltr'><em>μηδέ·</em></span> <span class='ocrx_word' id='word_1_121' title='bbox 718 2325 755 2370; x_wconf 91' lang='grc' dir='ltr'>σε</span> <span class='ocrx_word' id='word_1_122' title='bbox 777 2304 900 2393; x_wconf 86' lang='grc' dir='ltr'><em>νικήση,</em></span> <span class='ocrx_word' id='word_1_123' title='bbox 924 2307 1000 2368; x_wconf 91' lang='grc' dir='ltr'><em>παῖ</em></span> <span class='ocrx_word' id='word_1_124' title='bbox 1024 2302 1114 2382; x_wconf 88' lang='grc' dir='ltr'><em>κάλ’,</em></span> <span class='ocrx_word' id='word_1_125' title='bbox 1137 2297 1203 2392; x_wconf 80' lang='grc' dir='ltr'>ἴση</span> <span class='ocrx_word' id='word_1_126' title='bbox 1226 2301 1376 2391; x_wconf 89' lang='grc' dir='ltr'><em>κακότης.</em></span> 
     </span>
     <span class='ocr_line' id='line_1_19' title="bbox 185 2427 1998 2518; baseline -0.004 -20"><span class='ocrx_word' id='word_1_127' title='bbox 185 2432 328 2498; x_wconf 81' lang='lat' dir='ltr'>Eandem</span> <span class='ocrx_word' id='word_1_128' title='bbox 353 2433 445 2518; x_wconf 90' lang='lat' dir='ltr'>pueri</span> <span class='ocrx_word' id='word_1_129' title='bbox 472 2431 706 2501; x_wconf 83' lang='lat' dir='ltr'>adlocutionem</span> <span class='ocrx_word' id='word_1_130' title='bbox 733 2433 876 2495; x_wconf 79' lang='lat' dir='ltr'>invenias</span> <span class='ocrx_word' id='word_1_131' title='bbox 904 2432 1035 2494; x_wconf 83' lang='lat' dir='ltr'>v.1280</span> <span class='ocrx_word' id='word_1_132' title='bbox 1064 2437 1159 2514; x_wconf 89' lang='lat' dir='ltr'>atque</span> <span class='ocrx_word' id='word_1_133' title='bbox 1181 2431 1249 2514; x_wconf 90' lang='lat' dir='ltr'>pari</span> <span class='ocrx_word' id='word_1_134' title='bbox 1271 2429 1366 2492; x_wconf 90' lang='lat' dir='ltr'>modo</span> <span class='ocrx_word' id='word_1_135' title='bbox 1389 2428 1546 2513; x_wconf 86' lang='lat' dir='ltr'>Berghius</span> <span class='ocrx_word' id='word_1_136' title='bbox 1568 2445 1697 2492; x_wconf 78' lang='lat' dir='ltr'>versum</span> <span class='ocrx_word' id='word_1_137' title='bbox 1720 2427 1878 2512; x_wconf 85' lang='lat' dir='ltr'>supplevit</span> <span class='ocrx_word' id='word_1_138' title='bbox 1902 2427 1998 2491; x_wconf 87' lang='grc'><strong>1331.</strong></span> 
     </span>
    </p>
   </div>
   <div class='ocr_carea' id='block_1_4' title="bbox 186 2572 2006 4976">
    <p class='ocr_par' dir='ltr' id='par_1_8' title="bbox 318 2572 1328 2658">
     <span class='ocr_line' id='line_1_20' title="bbox 318 2572 1328 2658; baseline -0.005 -19"><span class='ocrx_word' id='word_1_139' title='bbox 318 2573 411 2639; x_wconf 82' lang='grc' dir='ltr'><em>ΧΧΙ.</em></span> <span class='ocrx_word' id='word_1_140' title='bbox 457 2573 497 2638; x_wconf 95' lang='lat' dir='ltr'>In</span> <span class='ocrx_word' id='word_1_141' title='bbox 520 2574 718 2658; x_wconf 86' lang='lat' dir='ltr'>Theogoniae</span> <span class='ocrx_word' id='word_1_142' title='bbox 740 2572 953 2638; x_wconf 88' lang='lat' dir='ltr'>Hesiodeae</span> <span class='ocrx_word' id='word_1_143' title='bbox 976 2573 1120 2637; x_wconf 78' lang='lat' dir='ltr'>versibus</span> <span class='ocrx_word' id='word_1_144' title='bbox 1144 2574 1208 2637; x_wconf 84' lang='lat'>309</span> <span class='ocrx_word' id='word_1_145' title='bbox 1228 2591 1328 2656; x_wconf 56' lang='lat' dir='ltr'>seqq:</span> 
     </span>
    </p>

    <p class='ocr_par' dir='ltr' id='par_1_9' title="bbox 609 2690 1420 2783">
     <span class='ocr_line' id='line_1_21' title="bbox 609 2690 1420 2783; baseline -0.005 -21"><span class='ocrx_word' id='word_1_146' title='bbox 609 2690 738 2783; x_wconf 85' lang='grc' dir='ltr'><em>Ὄρθον</em></span> <span class='ocrx_word' id='word_1_147' title='bbox 759 2694 819 2779; x_wconf 80' lang='grc' dir='ltr'>μὲν</span> <span class='ocrx_word' id='word_1_148' title='bbox 840 2705 974 2783; x_wconf 87' lang='grc' dir='ltr'><em>πρῶτον</em></span> <span class='ocrx_word' id='word_1_149' title='bbox 996 2695 1075 2761; x_wconf 87' lang='grc' dir='ltr'><em>κόνα</em></span> <span class='ocrx_word' id='word_1_150' title='bbox 1098 2691 1224 2781; x_wconf 88' lang='grc' dir='ltr'><em>γείνατο</em></span> <span class='ocrx_word' id='word_1_151' title='bbox 1247 2699 1420 2783; x_wconf 74' lang='grc' dir='ltr'><em>Γηρυονῆι·</em></span> 
     </span>
    </p>

    <p class='ocr_par' dir='ltr' id='par_1_10' title="bbox 615 2798 1497 2891">
     <span class='ocr_line' id='line_1_22' title="bbox 615 2798 1497 2891; baseline -0.003 -23"><span class='ocrx_word' id='word_1_152' title='bbox 615 2802 761 2890; x_wconf 85' lang='grc' dir='ltr'><em>δεύτερον</em></span> <span class='ocrx_word' id='word_1_153' title='bbox 783 2798 876 2881; x_wconf 79' lang='grc' dir='ltr'><em>αὖτις</em></span> <span class='ocrx_word' id='word_1_154' title='bbox 899 2798 1024 2869; x_wconf 86' lang='grc' dir='ltr'><em>ἐτικτεν</em></span> <span class='ocrx_word' id='word_1_155' title='bbox 1046 2800 1219 2891; x_wconf 81' lang='grc' dir='ltr'><em>ἀμήχανον,</em></span> <span class='ocrx_word' id='word_1_156' title='bbox 1244 2798 1282 2866; x_wconf 78' lang='lat' dir='ltr'>ott</span> <span class='ocrx_word' id='word_1_157' title='bbox 1303 2824 1336 2867; x_wconf 87' lang='grc' dir='ltr'>τι</span> <span class='ocrx_word' id='word_1_158' title='bbox 1360 2799 1497 2889; x_wconf 89' lang='grc' dir='ltr'><em>φατειόν</em></span> 
     </span>
    </p>

    <p class='ocr_par' dir='ltr' id='par_1_11' title="bbox 613 2905 1470 3000">
     <span class='ocr_line' id='line_1_23' title="bbox 613 2905 1470 3000; baseline -0.002 -25"><span class='ocrx_word' id='word_1_159' title='bbox 613 2908 786 2997; x_wconf 84' lang='grc' dir='ltr'><em>Κέρβερον,</em></span> <span class='ocrx_word' id='word_1_160' title='bbox 811 2909 975 3000; x_wconf 85' lang='grc' dir='ltr'><em>ὠμηστήν,</em></span> <span class='ocrx_word' id='word_1_161' title='bbox 998 2905 1114 2975; x_wconf 82' lang='grc' dir='ltr'><em>Ἀίδεω</em></span> <span class='ocrx_word' id='word_1_162' title='bbox 1136 2908 1217 2974; x_wconf 85' lang='grc' dir='ltr'><em>κόνα</em></span> <span class='ocrx_word' id='word_1_163' title='bbox 1236 2907 1470 2997; x_wconf 77' lang='grc' dir='ltr'><em>χαλκεόφωνον,</em></span> 
     </span>
    </p>

    <p class='ocr_par' dir='ltr' id='par_1_12' title="bbox 188 3014 2005 4187">
     <span class='ocr_line' id='line_1_24' title="bbox 613 3014 1431 3106; baseline -0.004 -24"><span class='ocrx_word' id='word_1_164' title='bbox 613 3015 971 3106; x_wconf 81' lang='grc' dir='ltr'><em>πεντηκοντακέφαλον,</em></span> <span class='ocrx_word' id='word_1_165' title='bbox 996 3014 1131 3082; x_wconf 79' lang='grc' dir='ltr'><em>ἀναιδέα</em></span> <span class='ocrx_word' id='word_1_166' title='bbox 1153 3039 1189 3082; x_wconf 86' lang='grc' dir='ltr'>τε</span> <span class='ocrx_word' id='word_1_167' title='bbox 1211 3014 1365 3103; x_wconf 89' lang='grc' dir='ltr'><em>κρατερόν</em></span> <span class='ocrx_word' id='word_1_168' title='bbox 1387 3038 1431 3095; x_wconf 90' lang='grc' dir='ltr'>τε,</span> 
     </span>
     <span class='ocr_line' id='line_1_25' title="bbox 188 3139 2001 3230; baseline -0.001 -21"><span class='ocrx_word' id='word_1_169' title='bbox 188 3163 247 3229; x_wconf 82' lang='lat' dir='ltr'>ego</span> <span class='ocrx_word' id='word_1_170' title='bbox 278 3163 343 3208; x_wconf 89' lang='lat' dir='ltr'>non</span> <span class='ocrx_word' id='word_1_171' title='bbox 374 3149 440 3208; x_wconf 91' lang='lat' dir='ltr'>tam</span> <span class='ocrx_word' id='word_1_172' title='bbox 470 3145 503 3208; x_wconf 91' lang='lat' dir='ltr'>in</span> <span class='ocrx_word' id='word_1_173' title='bbox 533 3162 570 3208; x_wconf 87' lang='lat' dir='ltr'>eo</span> <span class='ocrx_word' id='word_1_174' title='bbox 599 3144 737 3225; x_wconf 84' lang='lat' dir='ltr'>offendo,</span> <span class='ocrx_word' id='word_1_175' title='bbox 770 3144 855 3228; x_wconf 87' lang='lat' dir='ltr'>quod</span> <span class='ocrx_word' id='word_1_176' title='bbox 883 3143 1037 3208; x_wconf 81' lang='lat' dir='ltr'>Cerberus</span> <span class='ocrx_word' id='word_1_177' title='bbox 1065 3139 1226 3230; x_wconf 69' lang='grc' dir='ltr'><em>ἀμήχανος</em></span> <span class='ocrx_word' id='word_1_178' title='bbox 1253 3141 1381 3223; x_wconf 83' lang='lat' dir='ltr'>dicitur,</span> <span class='ocrx_word' id='word_1_179' title='bbox 1415 3142 1500 3227; x_wconf 89' lang='lat' dir='ltr'>quod</span> <span class='ocrx_word' id='word_1_180' title='bbox 1528 3161 1602 3206; x_wconf 89' lang='lat' dir='ltr'>cum</span> <span class='ocrx_word' id='word_1_181' title='bbox 1628 3141 1772 3207; x_wconf 87' lang='lat' dir='ltr'>Nauchio</span> <span class='ocrx_word' id='word_1_182' title='bbox 1805 3141 2001 3207; x_wconf 82' lang='lat' dir='ltr'>intolerabile</span> 
     </span>
     <span class='ocr_line' id='line_1_26' title="bbox 188 3244 2000 3333; baseline -0.001 -18"><span class='ocrx_word' id='word_1_183' title='bbox 188 3250 359 3329; x_wconf 81' lang='lat' dir='ltr'>rideretur,</span> <span class='ocrx_word' id='word_1_184' title='bbox 390 3251 426 3315; x_wconf 93' lang='lat' dir='ltr'>in</span> <span class='ocrx_word' id='word_1_185' title='bbox 451 3248 662 3315; x_wconf 81' lang='lat' dir='ltr'>Miscellaneis</span> <span class='ocrx_word' id='word_1_186' title='bbox 691 3249 986 3315; x_wconf 83' lang='lat' dir='ltr'>Graeco-Romanis</span> <span class='ocrx_word' id='word_1_187' title='bbox 1013 3250 1128 3314; x_wconf 84' lang='lat'><strong>11123</strong></span> <span class='ocrx_word' id='word_1_188' title='bbox 1162 3244 1388 3331; x_wconf 84' lang='grc' dir='ltr'><em>άμαίμακον</em></span> <span class='ocrx_word' id='word_1_189' title='bbox 1415 3250 1529 3329; x_wconf 76' lang='lat' dir='ltr'>corrigi</span> <span class='ocrx_word' id='word_1_190' title='bbox 1556 3268 1685 3314; x_wconf 86' lang='lat' dir='ltr'>necesse</span> <span class='ocrx_word' id='word_1_191' title='bbox 1707 3268 1775 3314; x_wconf 89' lang='lat' dir='ltr'>esse</span> <span class='ocrx_word' id='word_1_192' title='bbox 1798 3250 2000 3333; x_wconf 74' lang='lat' dir='ltr'>existimavit,</span> 
     </span>
     <span class='ocr_line' id='line_1_27' title="bbox 189 3355 1997 3441; baseline -0.001 -19"><span class='ocrx_word' id='word_1_193' title='bbox 189 3357 243 3422; x_wconf 88' lang='lat' dir='ltr'>sed</span> <span class='ocrx_word' id='word_1_194' title='bbox 274 3359 309 3422; x_wconf 92' lang='lat' dir='ltr'>in</span> <span class='ocrx_word' id='word_1_195' title='bbox 340 3356 568 3422; x_wconf 83' lang='lat' dir='ltr'>adiectirorum</span> <span class='ocrx_word' id='word_1_196' title='bbox 600 3362 717 3421; x_wconf 88' lang='lat' dir='ltr'>temere</span> <span class='ocrx_word' id='word_1_197' title='bbox 750 3364 781 3420; x_wconf 88' lang='lat' dir='ltr'>ct</span> <span class='ocrx_word' id='word_1_198' title='bbox 811 3356 900 3421; x_wconf 92' lang='lat' dir='ltr'>nullo</span> <span class='ocrx_word' id='word_1_199' title='bbox 929 3357 1039 3420; x_wconf 89' lang='lat' dir='ltr'>ordine</span> <span class='ocrx_word' id='word_1_200' title='bbox 1066 3359 1280 3441; x_wconf 86' lang='lat' dir='ltr'>appositorum</span> <span class='ocrx_word' id='word_1_201' title='bbox 1306 3356 1462 3441; x_wconf 83' lang='lat' dir='ltr'>indigesta</span> <span class='ocrx_word' id='word_1_202' title='bbox 1487 3356 1584 3420; x_wconf 90' lang='lat' dir='ltr'>mole:</span> <span class='ocrx_word' id='word_1_203' title='bbox 1619 3375 1699 3441; x_wconf 92' lang='lat' dir='ltr'>opus</span> <span class='ocrx_word' id='word_1_204' title='bbox 1726 3363 1774 3423; x_wconf 90' lang='lat' dir='ltr'>est</span> <span class='ocrx_word' id='word_1_205' title='bbox 1800 3355 1997 3421; x_wconf 81' lang='lat' dir='ltr'>substantivo</span> 
     </span>
     <span class='ocr_line' id='line_1_28' title="bbox 192 3462 2001 3548; baseline 0 -21"><span class='ocrx_word' id='word_1_206' title='bbox 192 3464 309 3547; x_wconf 83' lang='lat' dir='ltr'>aliquo,</span> <span class='ocrx_word' id='word_1_207' title='bbox 335 3470 373 3528; x_wconf 93' lang='lat' dir='ltr'>ut</span> <span class='ocrx_word' id='word_1_208' title='bbox 399 3462 553 3528; x_wconf 83' lang='lat' dir='ltr'>adiectiva</span> <span class='ocrx_word' id='word_1_209' title='bbox 579 3463 715 3527; x_wconf 88' lang='lat' dir='ltr'>habeant</span> <span class='ocrx_word' id='word_1_210' title='bbox 741 3465 775 3526; x_wconf 94' lang='lat' dir='ltr'>in</span> <span class='ocrx_word' id='word_1_211' title='bbox 803 3483 866 3546; x_wconf 91' lang='lat' dir='ltr'>quo</span> <span class='ocrx_word' id='word_1_212' title='bbox 894 3465 1040 3527; x_wconf 86' lang='lat' dir='ltr'>nitantur.</span> <span class='ocrx_word' id='word_1_213' title='bbox 1082 3463 1194 3547; x_wconf 90' lang='lat' dir='ltr'>Neque</span> <span class='ocrx_word' id='word_1_214' title='bbox 1221 3482 1295 3528; x_wconf 88' lang='lat' dir='ltr'>vero</span> <span class='ocrx_word' id='word_1_215' title='bbox 1324 3462 1380 3527; x_wconf 90' lang='lat' dir='ltr'>diu</span> <span class='ocrx_word' id='word_1_216' title='bbox 1408 3463 1624 3548; x_wconf 89' lang='lat' dir='ltr'>quaerendum</span> <span class='ocrx_word' id='word_1_217' title='bbox 1653 3464 1738 3548; x_wconf 87' lang='lat' dir='ltr'>quod</span> <span class='ocrx_word' id='word_1_218' title='bbox 1764 3482 1882 3527; x_wconf 88' lang='lat' dir='ltr'>nemen</span> <span class='ocrx_word' id='word_1_219' title='bbox 1905 3463 2001 3527; x_wconf 92' lang='lat' dir='ltr'>libra·</span> 
     </span>
     <span class='ocr_line' id='line_1_29' title="bbox 194 3569 2003 3655; baseline 0.003 -23"><span class='ocrx_word' id='word_1_220' title='bbox 194 3570 311 3633; x_wconf 85' lang='lat' dir='ltr'>riorum</span> <span class='ocrx_word' id='word_1_221' title='bbox 333 3570 456 3633; x_wconf 89' lang='lat' dir='ltr'>incuria</span> <span class='ocrx_word' id='word_1_222' title='bbox 477 3570 646 3654; x_wconf 84' lang='lat' dir='ltr'>expulsum</span> <span class='ocrx_word' id='word_1_223' title='bbox 669 3572 716 3634; x_wconf 88' lang='lat' dir='ltr'>sit.</span> <span class='ocrx_word' id='word_1_224' title='bbox 753 3569 873 3634; x_wconf 90' lang='lat' dir='ltr'>Notum</span> <span class='ocrx_word' id='word_1_225' title='bbox 897 3577 943 3634; x_wconf 85' lang='lat' dir='ltr'>est</span> <span class='ocrx_word' id='word_1_226' title='bbox 965 3572 1155 3655; x_wconf 79' lang='lat' dir='ltr'>saepissime,</span> <span class='ocrx_word' id='word_1_227' title='bbox 1182 3571 1335 3655; x_wconf 89' lang='lat' dir='ltr'>quicquid</span> <span class='ocrx_word' id='word_1_228' title='bbox 1362 3570 1572 3655; x_wconf 86' lang='lat' dir='ltr'>insuperabile</span> <span class='ocrx_word' id='word_1_229' title='bbox 1595 3577 1626 3634; x_wconf 89' lang='lat' dir='ltr'>et</span> <span class='ocrx_word' id='word_1_230' title='bbox 1644 3570 1892 3636; x_wconf 89' lang='lat' dir='ltr'>abominandum</span> <span class='ocrx_word' id='word_1_231' title='bbox 1915 3572 2003 3637; x_wconf 81' lang='lat' dir='ltr'>vide·</span> 
     </span>
     <span class='ocr_line' id='line_1_30' title="bbox 196 3673 2001 3763; baseline 0.002 -25"><span class='ocrx_word' id='word_1_232' title='bbox 196 3674 300 3756; x_wconf 85' lang='lat' dir='ltr'>batur,</span> <span class='ocrx_word' id='word_1_233' title='bbox 325 3674 360 3740; x_wconf 87' lang='lat' dir='ltr'>id</span> <span class='ocrx_word' id='word_1_234' title='bbox 386 3674 487 3740; x_wconf 81' lang='grc' dir='ltr'><em>κακόν</em></span> <span class='ocrx_word' id='word_1_235' title='bbox 512 3677 564 3741; x_wconf 82' lang='lat' dir='ltr'>vel</span> <span class='ocrx_word' id='word_1_236' title='bbox 591 3686 688 3763; x_wconf 77' lang='grc' dir='ltr'><em>πῆμα</em></span> <span class='ocrx_word' id='word_1_237' title='bbox 715 3677 765 3740; x_wconf 86' lang='lat' dir='ltr'>vel</span> <span class='ocrx_word' id='word_1_238' title='bbox 792 3673 887 3762; x_wconf 87' lang='grc' dir='ltr'><em>τέρας</em></span> <span class='ocrx_word' id='word_1_239' title='bbox 914 3698 933 3740; x_wconf 88' lang='lat' dir='ltr'>a</span> <span class='ocrx_word' id='word_1_240' title='bbox 959 3679 1059 3761; x_wconf 90' lang='lat' dir='ltr'>poetis</span> <span class='ocrx_word' id='word_1_241' title='bbox 1083 3676 1211 3743; x_wconf 83' lang='lat' dir='ltr'>Graecis</span> <span class='ocrx_word' id='word_1_242' title='bbox 1237 3680 1352 3743; x_wconf 83' lang='lat' dir='ltr'>vocari.</span> <span class='ocrx_word' id='word_1_243' title='bbox 1397 3677 1560 3742; x_wconf 90' lang='lat' dir='ltr'>Nonnulla</span> <span class='ocrx_word' id='word_1_244' title='bbox 1587 3696 1604 3741; x_wconf 92' lang='lat' dir='ltr'>e</span> <span class='ocrx_word' id='word_1_245' title='bbox 1631 3678 1741 3742; x_wconf 91' lang='lat' dir='ltr'>multis</span> <span class='ocrx_word' id='word_1_246' title='bbox 1764 3677 1873 3743; x_wconf 83' lang='lat' dir='ltr'>afferre</span> <span class='ocrx_word' id='word_1_247' title='bbox 1895 3678 2001 3744; x_wconf 90' lang='lat' dir='ltr'>liceat:</span> 
     </span>
     <span class='ocr_line' id='line_1_31' title="bbox 197 3780 2005 3868; baseline 0.003 -23"><span class='ocrx_word' id='word_1_248' title='bbox 197 3780 310 3846; x_wconf 82' lang='grc' dir='ltr'><em>τακτὸν</em></span> <span class='ocrx_word' id='word_1_249' title='bbox 340 3780 441 3846; x_wconf 87' lang='grc' dir='ltr'><em>κακόν</em></span> <span class='ocrx_word' id='word_1_250' title='bbox 469 3781 555 3848; x_wconf 84' lang='lat' dir='ltr'>Mars</span> <span class='ocrx_word' id='word_1_251' title='bbox 587 3783 702 3848; x_wconf 86' lang='lat' dir='ltr'>dicitur</span> <span class='ocrx_word' id='word_1_252' title='bbox 732 3785 761 3847; x_wconf 88' lang='grc' dir='ltr'><em>Ε</em></span> <span class='ocrx_word' id='word_1_253' title='bbox 791 3786 869 3861; x_wconf 85' lang='grc'><em>831,</em></span> <span class='ocrx_word' id='word_1_254' title='bbox 901 3784 1003 3847; x_wconf 87' lang='grc' dir='ltr'><em>κακὸν</em></span> <span class='ocrx_word' id='word_1_255' title='bbox 1034 3781 1245 3868; x_wconf 73' lang='grc' dir='ltr'><em>ἀνθρώποισι</em></span> <span class='ocrx_word' id='word_1_256' title='bbox 1280 3784 1444 3849; x_wconf 82' lang='lat' dir='ltr'>Chimaera</span> <span class='ocrx_word' id='word_1_257' title='bbox 1473 3785 1513 3847; x_wconf 89' lang='grc' dir='ltr'><em>Π</em></span> <span class='ocrx_word' id='word_1_258' title='bbox 1539 3786 1616 3867; x_wconf 85' lang='grc'><em>329,</em></span> <span class='ocrx_word' id='word_1_259' title='bbox 1643 3785 1759 3849; x_wconf 85' lang='lat' dir='ltr'>similia</span> <span class='ocrx_word' id='word_1_260' title='bbox 1789 3785 1939 3868; x_wconf 85' lang='lat' dir='ltr'>leguntur</span> <span class='ocrx_word' id='word_1_261' title='bbox 1965 3785 2005 3851; x_wconf 88' lang='lat' dir='ltr'>de</span> 
     </span>
     <span class='ocr_line' id='line_1_32' title="bbox 192 3888 2002 3981; baseline 0.002 -28"><span class='ocrx_word' id='word_1_262' title='bbox 192 3888 376 3974; x_wconf 67' lang='lat' dir='ltr'>&#39;lyphaona</span> <span class='ocrx_word' id='word_1_263' title='bbox 402 3891 494 3981; x_wconf 88' lang='lat' dir='ltr'>euius</span> <span class='ocrx_word' id='word_1_264' title='bbox 519 3892 744 3976; x_wconf 90' lang='lat' dir='ltr'>procreationis</span> <span class='ocrx_word' id='word_1_265' title='bbox 771 3890 831 3954; x_wconf 88' lang='lat' dir='ltr'>hoc</span> <span class='ocrx_word' id='word_1_266' title='bbox 857 3893 926 3975; x_wconf 88' lang='lat' dir='ltr'>ipso</span> <span class='ocrx_word' id='word_1_267' title='bbox 953 3891 1023 3956; x_wconf 92' lang='lat' dir='ltr'>loco</span> <span class='ocrx_word' id='word_1_268' title='bbox 1047 3893 1165 3956; x_wconf 90' lang='lat' dir='ltr'>mentio</span> <span class='ocrx_word' id='word_1_269' title='bbox 1187 3891 1269 3956; x_wconf 86' lang='lat' dir='ltr'>iacta</span> <span class='ocrx_word' id='word_1_270' title='bbox 1292 3897 1351 3969; x_wconf 86' lang='lat' dir='ltr'>est,</span> <span class='ocrx_word' id='word_1_271' title='bbox 1378 3893 1413 3956; x_wconf 94' lang='lat' dir='ltr'>in</span> <span class='ocrx_word' id='word_1_272' title='bbox 1436 3892 1555 3973; x_wconf 90' lang='lat' dir='ltr'>hymno</span> <span class='ocrx_word' id='word_1_273' title='bbox 1577 3893 1612 3955; x_wconf 94' lang='lat' dir='ltr'>in</span> <span class='ocrx_word' id='word_1_274' title='bbox 1635 3891 1816 3976; x_wconf 85' lang='lat' dir='ltr'>Apollinem</span> <span class='ocrx_word' id='word_1_275' title='bbox 1839 3891 2002 3975; x_wconf 85' lang='lat' dir='ltr'>Pythium,</span> 
     </span>
     <span class='ocr_line' id='line_1_33' title="bbox 192 3995 2000 4081; baseline 0.001 -20"><span class='ocrx_word' id='word_1_276' title='bbox 192 4015 287 4080; x_wconf 82' lang='lat' dir='ltr'>quem</span> <span class='ocrx_word' id='word_1_277' title='bbox 320 3995 426 4061; x_wconf 84' lang='lat' dir='ltr'>locum</span> <span class='ocrx_word' id='word_1_278' title='bbox 452 3995 645 4062; x_wconf 89' lang='lat' dir='ltr'>Hesiodeam</span> <span class='ocrx_word' id='word_1_279' title='bbox 673 3999 824 4062; x_wconf 90' lang='lat' dir='ltr'>narrandi</span> <span class='ocrx_word' id='word_1_280' title='bbox 851 3999 1004 4062; x_wconf 89' lang='lat' dir='ltr'>rationem</span> <span class='ocrx_word' id='word_1_281' title='bbox 1032 4018 1107 4081; x_wconf 89' lang='lat' dir='ltr'>prae</span> <span class='ocrx_word' id='word_1_282' title='bbox 1134 4017 1167 4062; x_wconf 86' lang='lat' dir='ltr'>se</span> <span class='ocrx_word' id='word_1_283' title='bbox 1193 3999 1274 4062; x_wconf 91' lang='lat' dir='ltr'>ferre</span> <span class='ocrx_word' id='word_1_284' title='bbox 1302 3997 1426 4062; x_wconf 90' lang='lat' dir='ltr'>dudum</span> <span class='ocrx_word' id='word_1_285' title='bbox 1453 4000 1536 4063; x_wconf 90' lang='lat' dir='ltr'>inter</span> <span class='ocrx_word' id='word_1_286' title='bbox 1561 3999 1707 4063; x_wconf 88' lang='lat' dir='ltr'>homines</span> <span class='ocrx_word' id='word_1_287' title='bbox 1735 3998 1843 4064; x_wconf 86' lang='lat' dir='ltr'>doctos</span> <span class='ocrx_word' id='word_1_288' title='bbox 1871 4004 2000 4080; x_wconf 75' lang='lat' dir='ltr'>constat,</span> 
     </span>
     <span class='ocr_line' id='line_1_34' title="bbox 190 4103 432 4187; baseline 0.004 -21"><span class='ocrx_word' id='word_1_289' title='bbox 190 4122 220 4166; x_wconf 84' lang='lat' dir='ltr'>r.</span> <span class='ocrx_word' id='word_1_290' title='bbox 240 4103 302 4166; x_wconf 82' lang='grc'>171</span> <span class='ocrx_word' id='word_1_291' title='bbox 328 4120 432 4187; x_wconf 70' lang='lat' dir='ltr'>sequ:</span> 
     </span>
    </p>

    <p class='ocr_par' dir='ltr' id='par_1_13' title="bbox 620 4224 1459 4317">
     <span class='ocr_line' id='line_1_35' title="bbox 620 4224 1459 4317; baseline 0.004 -27"><span class='ocrx_word' id='word_1_292' title='bbox 620 4224 689 4292; x_wconf 78' lang='grc' dir='ltr'><em>ἀλλ’</em></span> <span class='ocrx_word' id='word_1_293' title='bbox 713 4227 767 4293; x_wconf 86' lang='grc' dir='ltr'>δτε</span> <span class='ocrx_word' id='word_1_294' title='bbox 791 4228 831 4316; x_wconf 78' lang='grc' dir='ltr'>δή</span> <span class='ocrx_word' id='word_1_295' title='bbox 853 4229 963 4306; x_wconf 86' lang='grc' dir='ltr'><em>νόκτες</em></span> <span class='ocrx_word' id='word_1_296' title='bbox 984 4252 1020 4294; x_wconf 90' lang='grc' dir='ltr'>τε</span> <span class='ocrx_word' id='word_1_297' title='bbox 1043 4227 1099 4293; x_wconf 86' lang='grc' dir='ltr'><em>καὶ</em></span> <span class='ocrx_word' id='word_1_298' title='bbox 1125 4226 1240 4317; x_wconf 79' lang='grc' dir='ltr'><em>ἡμέραι</em></span> <span class='ocrx_word' id='word_1_299' title='bbox 1265 4226 1459 4306; x_wconf 78' lang='grc' dir='ltr'><em>ἐξετελεῦντο</em></span> 
     </span>
    </p>

    <p class='ocr_par' dir='ltr' id='par_1_14' title="bbox 619 4329 1462 4423">
     <span class='ocr_line' id='line_1_36' title="bbox 619 4329 1462 4423; baseline 0 -25"><span class='ocrx_word' id='word_1_300' title='bbox 619 4333 672 4421; x_wconf 68' lang='lat' dir='ltr'>hp</span> <span class='ocrx_word' id='word_1_301' title='bbox 693 4333 963 4421; x_wconf 86' lang='grc' dir='ltr'><em>περιτελλομένου</em></span> <span class='ocrx_word' id='word_1_302' title='bbox 985 4331 1073 4414; x_wconf 73' lang='grc' dir='ltr'><em>ἔτεος</em></span> <span class='ocrx_word' id='word_1_303' title='bbox 1094 4335 1152 4400; x_wconf 86' lang='grc' dir='ltr'><em>καί</em></span> <span class='ocrx_word' id='word_1_304' title='bbox 1175 4334 1343 4423; x_wconf 75' lang='grc' dir='ltr'><em>ἐπήλυθον</em></span> <span class='ocrx_word' id='word_1_305' title='bbox 1365 4329 1462 4420; x_wconf 84' lang='grc' dir='ltr'><em>ὧραι,</em></span> 
     </span>
    </p>

    <p class='ocr_par' dir='ltr' id='par_1_15' title="bbox 620 4437 1490 4529">
     <span class='ocr_line' id='line_1_37' title="bbox 620 4437 1490 4529; baseline 0.001 -23"><span class='ocrx_word' id='word_1_306' title='bbox 620 4442 639 4529; x_wconf 79' lang='grc' dir='ltr'><em>ἡ</em></span> <span class='ocrx_word' id='word_1_307' title='bbox 663 4441 692 4506; x_wconf 90' lang='grc' dir='ltr'>δ’</span> <span class='ocrx_word' id='word_1_308' title='bbox 715 4437 797 4507; x_wconf 73' lang='grc' dir='ltr'><em>ἔτεκ’</em></span> <span class='ocrx_word' id='word_1_309' title='bbox 821 4440 894 4508; x_wconf 72' lang='lat' dir='ltr'>oica</span> <span class='ocrx_word' id='word_1_310' title='bbox 916 4445 1010 4521; x_wconf 85' lang='grc' dir='ltr'><em>θεοῖς</em></span> <span class='ocrx_word' id='word_1_311' title='bbox 1033 4439 1212 4529; x_wconf 79' lang='grc' dir='ltr'><em>ἐναλίγκιον</em></span> <span class='ocrx_word' id='word_1_312' title='bbox 1235 4438 1307 4507; x_wconf 77' lang='grc' dir='ltr'><em>οὑτε</em></span> <span class='ocrx_word' id='word_1_313' title='bbox 1328 4444 1490 4528; x_wconf 82' lang='grc' dir='ltr'><em>βροτοῖσι,</em></span> 
     </span>
    </p>

    <p class='ocr_par' dir='ltr' id='par_1_16' title="bbox 620 4546 1534 4638">
     <span class='ocr_line' id='line_1_38' title="bbox 620 4546 1534 4638; baseline 0.001 -27"><span class='ocrx_word' id='word_1_314' title='bbox 620 4548 723 4613; x_wconf 88' lang='grc' dir='ltr'><em>δεινόν</em></span> <span class='ocrx_word' id='word_1_315' title='bbox 745 4549 774 4613; x_wconf 84' lang='grc' dir='ltr'>τ’</span> <span class='ocrx_word' id='word_1_316' title='bbox 799 4546 954 4635; x_wconf 77' lang='grc' dir='ltr'><em>ἀργαλέον</em></span> <span class='ocrx_word' id='word_1_317' title='bbox 976 4573 1011 4615; x_wconf 87' lang='grc' dir='ltr'>τε</span> <span class='ocrx_word' id='word_1_318' title='bbox 1037 4548 1205 4638; x_wconf 86' lang='grc' dir='ltr'><em>Τυφάονα,</em></span> <span class='ocrx_word' id='word_1_319' title='bbox 1228 4561 1339 4637; x_wconf 77' lang='grc' dir='ltr'><em>πῆμα</em></span> <span class='ocrx_word' id='word_1_320' title='bbox 1360 4552 1534 4634; x_wconf 90' lang='grc' dir='ltr'><em>βροτοῖσιν.</em></span> 
     </span>
    </p>

    <p class='ocr_par' dir='ltr' id='par_1_17' title="bbox 620 4651 1419 4745">
     <span class='ocr_line' id='line_1_39' title="bbox 620 4651 1419 4745; baseline 0.003 -26"><span class='ocrx_word' id='word_1_321' title='bbox 620 4651 737 4721; x_wconf 83' lang='grc' dir='ltr'><em>αὐτίκα</em></span> <span class='ocrx_word' id='word_1_322' title='bbox 760 4655 852 4721; x_wconf 87' lang='grc' dir='ltr'><em>τόνδε</em></span> <span class='ocrx_word' id='word_1_323' title='bbox 874 4656 1018 4739; x_wconf 84' lang='grc' dir='ltr'><em>λαβοῦσα</em></span> <span class='ocrx_word' id='word_1_324' title='bbox 1040 4662 1171 4740; x_wconf 84' lang='grc' dir='ltr'><em>βοῶπις</em></span> <span class='ocrx_word' id='word_1_325' title='bbox 1192 4656 1315 4722; x_wconf 91' lang='grc' dir='ltr'><em>πότνια</em></span> <span class='ocrx_word' id='word_1_326' title='bbox 1332 4651 1419 4745; x_wconf 90' lang='grc' dir='ltr'>Ἥρη</span> 
     </span>
    </p>

    <p class='ocr_par' dir='ltr' id='par_1_18' title="bbox 186 4757 2006 4976">
     <span class='ocr_line' id='line_1_40' title="bbox 620 4757 1605 4852; baseline 0.003 -27"><span class='ocrx_word' id='word_1_327' title='bbox 620 4761 722 4827; x_wconf 85' lang='grc' dir='ltr'><em>δῶκεν</em></span> <span class='ocrx_word' id='word_1_328' title='bbox 745 4757 863 4828; x_wconf 73' lang='grc' dir='ltr'><em>ἔπειτα</em></span> <span class='ocrx_word' id='word_1_329' title='bbox 887 4761 1030 4852; x_wconf 86' lang='grc' dir='ltr'><em>φέροισα</em></span> <span class='ocrx_word' id='word_1_330' title='bbox 1053 4767 1159 4848; x_wconf 79' lang='grc' dir='ltr'><em>κακῷ</em></span> <span class='ocrx_word' id='word_1_331' title='bbox 1181 4763 1313 4829; x_wconf 91' lang='grc' dir='ltr'><em>κακόν·</em></span> <span class='ocrx_word' id='word_1_332' title='bbox 1339 4764 1359 4851; x_wconf 75' lang='lat' dir='ltr'>&#39;l</span> <span class='ocrx_word' id='word_1_333' title='bbox 1382 4759 1414 4829; x_wconf 58' lang='grc' dir='ltr'>δ”</span> <span class='ocrx_word' id='word_1_334' title='bbox 1436 4761 1605 4830; x_wconf 79' lang='grc' dir='ltr'><em>ὑπέδεκτο.</em></span> 
     </span>
     <span class='ocr_line' id='line_1_41' title="bbox 186 4875 2006 4976; baseline 0.007 -30"><span class='ocrx_word' id='word_1_335' title='bbox 186 4875 332 4967; x_wconf 77' lang='grc' dir='ltr'><em>’Ἀμαχον</em></span> <span class='ocrx_word' id='word_1_336' title='bbox 353 4884 466 4966; x_wconf 86' lang='grc' dir='ltr'><em>κακόν,</em></span> <span class='ocrx_word' id='word_1_337' title='bbox 492 4894 527 4952; x_wconf 91' lang='lat' dir='ltr'>ut</span> <span class='ocrx_word' id='word_1_338' title='bbox 549 4889 593 4952; x_wconf 87' lang='lat' dir='ltr'>ait</span> <span class='ocrx_word' id='word_1_339' title='bbox 610 4887 767 4954; x_wconf 87' lang='lat' dir='ltr'>Pindarus</span> <span class='ocrx_word' id='word_1_340' title='bbox 782 4891 793 4969; x_wconf 91' lang='grc'><strong>(</strong></span> <span class='ocrx_word' id='word_1_341' title='bbox 798 4890 889 4972; x_wconf 79' lang='lat' dir='ltr'>Pyth.</span> <span class='ocrx_word' id='word_1_342' title='bbox 906 4892 940 4972; x_wconf 86' lang='lat'>2,</span> <span class='ocrx_word' id='word_1_343' title='bbox 956 4891 973 4953; x_wconf 78' lang='lat'>7</span> <span class='ocrx_word' id='word_1_344' title='bbox 978 4891 1022 4973; x_wconf 84' lang='lat'>6),</span> <span class='ocrx_word' id='word_1_345' title='bbox 1045 4888 1231 4972; x_wconf 79' lang='grc' dir='ltr'><em>διαιβολιᾶν</em></span> <span class='ocrx_word' id='word_1_346' title='bbox 1249 4887 1446 4976; x_wconf 84' lang='grc' dir='ltr'><em>ὑποφάτιες;</em></span> <span class='ocrx_word' id='word_1_347' title='bbox 1472 4893 1610 4956; x_wconf 82' lang='lat' dir='ltr'>manime</span> <span class='ocrx_word' id='word_1_348' title='bbox 1629 4897 1735 4955; x_wconf 90' lang='lat' dir='ltr'>autem</span> <span class='ocrx_word' id='word_1_349' title='bbox 1755 4891 1795 4955; x_wconf 89' lang='lat' dir='ltr'>ad</span> <span class='ocrx_word' id='word_1_350' title='bbox 1809 4891 2006 4958; x_wconf 83' lang='lat' dir='ltr'>Hesiodeam</span> 
     </span>
    </p>
   </div>
   <div class='ocr_carea' id='block_1_5' title="bbox 192 4991 1793 5170">
    <p class='ocr_par' dir='ltr' id='par_1_19' title="bbox 192 4991 1793 5170">
     <span class='ocr_line' id='line_1_42' title="bbox 192 4991 1613 5082; baseline 0.002 -26"><span class='ocrx_word' id='word_1_351' title='bbox 192 4991 300 5057; x_wconf 88' lang='lat' dir='ltr'>locum</span> <span class='ocrx_word' id='word_1_352' title='bbox 323 4993 555 5059; x_wconf 89' lang='lat' dir='ltr'>emendandum</span> <span class='ocrx_word' id='word_1_353' title='bbox 579 4996 660 5061; x_wconf 83' lang='lat' dir='ltr'>valet</span> <span class='ocrx_word' id='word_1_354' title='bbox 683 4994 807 5078; x_wconf 84' lang='lat' dir='ltr'>Scyllae</span> <span class='ocrx_word' id='word_1_355' title='bbox 830 4997 996 5080; x_wconf 89' lang='lat' dir='ltr'>descriptio</span> <span class='ocrx_word' id='word_1_356' title='bbox 1019 4995 1189 5062; x_wconf 88' lang='lat' dir='ltr'>Homerica</span> <span class='ocrx_word' id='word_1_357' title='bbox 1209 5022 1233 5079; x_wconf 89' lang='grc' dir='ltr'><em>μ</em></span> <span class='ocrx_word' id='word_1_358' title='bbox 1260 4998 1337 5080; x_wconf 84' lang='lat'>118,</span> <span class='ocrx_word' id='word_1_359' title='bbox 1361 4997 1401 5062; x_wconf 90' lang='lat' dir='ltr'>de</span> <span class='ocrx_word' id='word_1_360' title='bbox 1425 5018 1488 5082; x_wconf 89' lang='lat' dir='ltr'>qna</span> <span class='ocrx_word' id='word_1_361' title='bbox 1510 5003 1613 5082; x_wconf 86' lang='lat' dir='ltr'>poeta:</span> 
     </span>
     <span class='ocr_line' id='line_1_43' title="bbox 1775 5109 1793 5170; baseline 0 0"><span class='ocrx_word' id='word_1_362' title='bbox 1775 5109 1793 5170; x_wconf 83' lang='lat'>2</span> 
     </span>
    </p>
   </div>
   <div class='ocr_carea' id='block_1_6' title="bbox 0 0 2192 5528">
    <p class='ocr_par' dir='ltr' id='par_1_20' title="bbox 0 0 2192 5528">
     <span class='ocr_line' id='line_1_44' title="bbox 0 0 2192 5528; baseline 0 6"><span class='ocrx_word' id='word_1_363' title='bbox 0 0 2192 5528; x_wconf 95' lang='lat' dir='ltr'> </span> 
     </span>
    </p>
   </div>
  </div>
 </body>
</html>
