4374 5528
197 563 268 609 esse
302 550 376 609 auto
411 546 575 610 saeculum
611 545 818 609 undecimum
858 543 1135 628 duodecimumve,
1173 564 1236 629 quo
1278 548 1419 628 tempore
1459 543 1606 607 versibus
1643 545 1784 626 1—256‚
1817 546 2000 626 ees-274,

200 670 419 733 1231-1236
444 672 602 734 incertum
620 671 804 752 scriptorem
830 688 943 751 graeco
960 669 1088 734 doctum
1106 671 1389 755 interpretamenta
1407 668 1505 731 latina
1520 668 1729 752 adscripsisse
1752 671 1845 733 docui
1862 668 2000 735 Hermae

194 798 217 861 t.
241 793 306 857 XV
329 815 357 878 p.
385 794 448 857 526
473 833 514 842 —
539 795 658 859 seilicet
681 814 810 877 prorsus
834 794 949 857 falsum
975 814 1044 859 esse
1068 795 1279 859 Benedictum
1301 793 1449 869 Hileiam,
1484 795 1541 876 qui
1565 794 1605 857 ad
1639 794 1803 857 saeculum
1837 795 1999 859 deciorum

196 924 347 1001 quadum
371 938 443 983 eum
470 919 642 983 detruserit
666 956 708 964 -
732 918 806 982 licet
828 920 896 981 veri
920 920 962 982 sit
984 920 1194 999 simillimum,
1229 924 1336 982 tamen
1369 938 1427 981 our
1458 937 1523 982 non
1559 920 1659 1001 possit
1693 923 1833 982 exeunte
1867 919 1998 982 dearum

195 1044 324 1107 saeculo
360 1044 482 1108 decimo
518 1044 631 1126 quinto
664 1063 701 1106 eo
725 1043 893 1107 devenisse
916 1063 982 1107 una
1005 1064 1078 1108 cum
1102 1064 1219 1128 magna
1253 1044 1308 1107 illa
1343 1042 1498 1106 librorum
1531 1063 1646 1126 graece
1677 1044 1866 1127 scriptorum
1891 1044 1999 1107 multi-

196 1168 318 1245 tudine,
343 1168 381 1231 de
406 1188 470 1250 qua
493 1166 671 1231 Schoellius
696 1168 778 1231 dixit
801 1170 944 1233 ciusdem
968 1168 1108 1233 Hermae
1131 1175 1216 1232 tomo
1232 1167 1282 1231 XI
1297 1188 1328 1252 p.
1346 1169 1419 1243 204,
1443 1186 1500 1251 ego
1520 1169 1671 1250 equidem
1690 1187 1754 1231 noa
1773 1169 1937 1251 perspicio.
1957 1204 1997 1212 -

196 1295 335 1375 praestat
358 1292 385 1352 is
408 1292 510 1354 codex
534 1295 648 1357 ceteris
672 1293 823 1357 omnilrus
857 1314 921 1357 non
957 1294 1062 1358 solum
1098 1299 1223 1357 servata
1256 1293 1398 1376 syllegae
1432 1291 1642 1375 theognideae
1677 1293 1851 1377 appendice
1885 1312 1997 1355 vorum

196 1417 293 1479 etiam
317 1416 436 1499 insigni
461 1416 648 1499 lectionum,
683 1439 763 1501 quas
787 1418 938 1482 librarius
974 1419 1012 1482 dc
1047 1419 1220 1501 archetypo
1253 1419 1371 1501 optimo
1393 1416 1531 1479 fideliter
1557 1417 1768 1500 transcripsit,
1801 1418 1997 1501 integritate:

197 1560 261 1623 qua
285 1539 324 1603 de
348 1560 382 1604 re
407 1561 494 1605 nuno
519 1542 658 1606 breviter
681 1544 846 1608 disseram.
893 1562 931 1605 ao
954 1544 1091 1625 primum
1119 1542 1247 1625 quidem
1272 1543 1350 1607 haec
1374 1546 1450 1605 snut
1472 1542 1595 1625 potiora
1629 1539 1883 1623 interpolationis
1914 1540 2000 1604 eodi-

196 1685 271 1729 eum
294 1672 419 1749 praeter
441 1668 619 1750 parisinum
644 1670 790 1731 omnium
814 1687 914 1751 eaque
943 1667 1111 1730 manifesta
1147 1667 1346 1729 documenta.
1392 1673 1423 1731 et
1455 1668 1533 1731 scito
1568 1666 1607 1730 de
1641 1664 1731 1728 libris
1766 1665 1906 1748 parisino
1939 1665 1999 1745 (A)

196 1794 228 1852 et
251 1791 397 1852 vaticano
420 1790 478 1875 (B)
503 1811 553 1854 me
577 1792 617 1855 de
641 1793 709 1855 vise
741 1794 859 1871 testari,
894 1798 1073 1855 ceterorum
1098 1790 1137 1869 (a)
1161 1789 1312 1853 lectiones
1347 1828 1385 1836 -—
1421 1798 1572 1855 venetum
1609 1790 1748 1853 vaticani
1781 1789 1998 1873 apographum

196 1933 248 1977 me
264 1913 420 1978 abiecisse
444 1921 696 1980 consentaneum
720 1922 823 1980 cst—
841 1937 928 1980 niano
952 1916 1080 1999 quidem
1106 1936 1144 1979 ex
1164 1919 1316 1998 apparatu
1337 1915 1487 1978 editionis
1503 1915 1642 1977 Beklreri
1659 1915 1790 1978 alterius
1806 1914 1999 1997 depromere.

197 2035 263 2101 ‘sic’
287 2038 484 2123 adscriptum
509 2059 630 2104 errores
653 2042 787 2125 parisini
810 2043 843 2105 in
868 2046 1023 2106 accentus
1046 2042 1243 2124 spiritusque
1271 2041 1354 2103 notis
1382 2040 1510 2103 omissis
1544 2041 1798 2122 permutatisque
1835 2045 1931 2117 notat,
1966 2045 2000 2101 ut

197 2163 374 2247 specimine
396 2164 505 2246 aliquo
529 2165 580 2228 vel
605 2164 643 2228 de
666 2165 716 2229 his
739 2166 812 2229 libri
837 2167 948 2250 optimi
973 2166 1058 2228 vitiis
1082 2169 1212 2227 constet

357 2290 421 2353 104
443 2288 490 2352 A:
516 2278 587 2353 obre
610 2312 664 2353 κεν
687 2285 808 2353 testie
829 2285 912 2370 ἔχων
938 2290 991 2354 τοῦ
1012 2284 1208 2373 μεγαὸόὖναι
1231 2284 1324 2353 θέλοι

444 2412 487 2475 Β;
1012 2408 1153 2498 μεγάλου
1176 2412 1286 2477 debeat
1311 2409 1404 2476 θὲἱει

455 2555 488 2598 z:
1009 2534 1092 2623 μέγα
1116 2536 1201 2602 δσῦν’
1222 2533 1331 2603 ἐθέλει

195 2660 321 2725 ostendi
356 2658 467 2723 Herm.
491 2658 555 2723 XV
590 2680 622 2743 p.
648 2663 709 2723 527
747 2662 903 2725 versionis
935 2661 1065 2725 demum
1101 2664 1218 2726 latinae
1251 2663 1437 2746 scriptorem
1471 2662 1504 2724 in
1531 2662 1560 2724 Α
1584 2662 1763 2724 correxisse
1795 2657 2001 2743 μεταδοῦιαι.

198 2784 331 2867 palmari
364 2784 548 2847 coniectura
582 2784 802 2849 Buttmannus
836 2787 977 2849 restituit
1011 2806 1052 2850 ex
1087 2792 1177 2869 parte
1213 2787 1416 2869 interpretem
1449 2791 1581 2850 secutus
1616 2786 1672 2848 ‘toi
1698 2784 1857 2867 μεταδοῖα
1878 2782 1999 2850 ἐθέλοι.

197 2929 229 2973 v.
252 2907 391 2971 Gramm.
414 2928 461 2991 gr.
487 2906 528 2972 12.
559 2907 629 2972 127.
676 2902 822 2975 ἆαοόοὗν
856 2930 898 2974 ex
931 2909 1095 2993 Hesyclrio
1130 2908 1306 2991 Nauckius,
1337 2911 1391 2973 alii
1415 2911 1477 2973 alia
1501 2910 1656 2972 ascivere:
1694 2929 1724 2972 v.
1749 2908 1879 2973 Curtius
1901 2906 2000 2971 Verbi

197 3035 304 3117 graeci
337 3030 385 3114 22,
409 3033 472 3095 120
496 3053 520 3095 s.

361 3157 422 3219 122
447 3178 472 3222 s,
498 3158 541 3219 A:
566 3180 596 3221 ει
621 3158 656 3223 ds
678 3159 756 3242 (sic)
780 3154 877 3247 φίλου
900 3156 972 3237 νόος
995 3151 1111 3243 ἀνδρὸς
1133 3156 1179 3222 ἐνὶ
1204 3154 1364 3245 στήθεσσι
1389 3152 1511 3247 λελὴθη

678 3277 802 3366 ψεδρὸς
823 3277 887 3347 ἐών
909 3331 1140 3350 ........

499 3406 541 3470 Β;
568 3401 707 3487 attenderis·
728 3402 791 3472 ἐὼν

508 3551 540 3593 z:
566 3526 691 3615 ψεδνὸς
713 3532 764 3594 vel
789 3526 911 3615 ψεδνὸς

200 3654 368 3718 eoniirmet
390 3654 522 3735 parisini
545 3654 711 3719 lectionem
738 3653 893 3736 Clemens,
916 3656 1001 3739 apud
1027 3675 1122 3738 quem
1148 3650 1271 3741 ψυχρὸς
1295 3655 1376 3718 liber
1399 3654 1619 3718 ilar-eatinus:
1655 3655 1792 3719 coniecit
1814 3676 1880 3720 rom
1905 3656 2003 3721 Crue-

200 3797 297 3863 gerus
322 3775 412 3863 (nam
436 3778 475 3841 de
499 3777 662 3844 Clemente
686 3780 783 3843 ceteri
805 3777 937 3864 fallunt)
960 3801 989 3864 p.
1015 3778 1063 3844 72.

362 3902 422 3963 171
448 3904 493 3966 A:
518 3906 613 3981 θεοῖς
634 3894 725 3984 εὔχου
747 3907 879 3968 θεοῖσιν
901 3900 959 3968 ἐπι
983 3899 1102 3990 κράτος
1124 3895 1212 3970 οἴσει
1236 3894 1313 3987 ἶίτερ
1336 3903 1425 3967 θεῶν

453 4027 495 4090 B:
747 4019 797 4105 οἷς
819 4024 887 4092 ἔστι
913 4024 1031 4113 κράτος
1054 4018 1120 4093 οἷσι

462 4172 494 4214 z:
747 4142 797 4230 οἷς
819 4149 891 4217 ἐσσι
913 4149 996 4238 μέγα
1018 4148 1138 4237 κράτος
1160 4142 1227 4217 obre

200 4279 235 4341 in
260 4279 289 4339 A
314 4282 465 4340 accentus
488 4295 586 4359 snper
608 4277 754 4339 ultimam
778 4276 924 4340 vocabuli
948 4274 1006 4340 ieri
1031 4297 1151 4341 erasus.
1186 4277 1351 4341 Bellerus
1375 4277 1507 4339 θεαῖσιν
1529 4272 1589 4362 γὰρ
1611 4273 1668 4340 ἔστι
1694 4270 1820 4357 κράτος,
1846 4274 2003 4358 Borgkins

200 4404 294 4479 θεοῖς
316 4396 407 4465 ἔστιν
428 4395 488 4463 ἐστι
511 4396 637 4485 κράτος,
660 4408 744 4465 recte
767 4406 854 4486 pute.

364 4526 425 4587 150
450 4527 493 4589 A:
518 4521 614 4610 Λύραι
639 4518 753 4613 ἀρετῆς
774 4527 806 4591 δ’
830 4523 952 4610 ὁλεγοις
975 4523 1052 4612 (sic)
1077 4518 1212 4611 ἀνδράσι
1238 4524 1326 4610 μοῖρ’
1349 4522 1464 4589 literar

433 4650 494 4713 Bz:
519 4643 539 4739 ἡ
562 4649 591 4714 d'
616 4641 715 4737 ἀρετὴ
738 4642 859 4736 ὀλίγαις
880 4641 1017 4734 ἆνόράσι
1044 4645 1139 4734 der'
1162 4648 1277 4714 ἕπεται

201 4774 327 4839 foedam
351 4774 643 4857 interpolationem!

366 4899 428 4960 175
452 4900 495 4961 A:
520 4889 559 4987 ἣν
582 4893 622 4989 δὴ
644 4892 704 4987 χρὴ
727 4894 885 4987 φεύγοντα
907 4895 964 4964 καὶ
988 4895 1021 4974 ἐς
1042 4894 1232 4988 βαθυκήτεα
1255 4891 1377 4963 πόντον

430 5021 493 5085 Bz:
1042 5018 1224 5113 μεγακήτεα
