4374 5528
992 248 1191 308 .-7-

616 448 670 504 νῦν
692 437 721 503 δ’
745 435 806 529 ήδη
829 439 1029 520 recolorat,
1052 438 1138 527 ὕδωρ
1162 439 1191 504 δ’
1215 435 1428 526 ἀναμίσγεται
1452 435 1546 521 ὶλυῖ,

668 543 769 636 ἄλλης
791 545 831 634 δή
854 545 971 635 κρήνης
993 541 1118 629 πιόμαι
1142 547 1162 635 ή
1185 557 1338 629 ποταμοῦ

186 681 330 739 extrema
351 673 448 738 verba
469 693 535 738 non
558 672 662 737 solum
684 672 776 736 inem
798 672 1073 754 additamentum,
1099 671 1184 757 quod
1202 672 1341 757 Bergkio
1363 674 1469 737 visum
1492 678 1552 755 est,
1580 674 1754 751 continent,
1782 692 1894 738 verum
1913 675 2008 759 plane

187 780 387 846 incredibile:
415 780 608 847 mirandam
631 798 707 844 sane
726 779 890 863 placuisse
909 785 1022 863 poetae
1044 779 1154 862 υαδο,
1178 779 1237 863 qai
1254 780 1384 865 puellae
1406 780 1586 863 δαμάσσει
1608 780 1678 844 iam
1700 780 1765 845 alio
1786 780 1877 864 sonte
1898 781 2003 845 miazi-

191 893 277 952 etur
302 887 352 952 cel
372 887 448 952 adeo
470 886 612 971 flumine
635 906 793 968 ιιειιπιυι,
820 907 937 970 ασσυμε
959 886 1046 969 qaod
1067 885 1221 950 anniam
1238 891 1365 971 pateat,
1389 887 1486 951 ετιιίιε
1508 907 1597 970 aqua
1617 908 1687 950 ιιυιτ
1709 886 1848 971 limpida
1870 888 2007 972 οοςύλιιιίΙ

182 995 302 1080 possit,
325 994 382 1058 sed
404 993 543 1057 turbata.
588 992 637 1057 Re
659 1013 737 1057 cera
759 992 836 1056 haee
858 997 962 1056 essent
984 992 1143 1056 amulone
1165 994 1249 1058 male
1270 993 1450 1077 fastidiosi,
1473 993 1576 1058 immo
1598 1014 1708 1058 secum
1725 995 1923 1078 papantis,
1947 995 2007 1078 qui

184 1102 277 1166 moda
300 1121 339 1166 aa
356 1101 458 1185 plane
475 1099 592 1184 paullo
614 1104 691 1163 ante
712 1099 856 1163 dixerat:
885 1092 958 1161 ἔστε
978 1096 1039 1180 μὲν
1061 1094 1158 1176 αὐτὸς
1185 1100 1257 1184 (λε.
1279 1100 1385 1182 solus)
1413 1095 1536 1163 ἔπινον.
1580 1099 1743 1164 Hactenus
1765 1107 1848 1164 recte
1876 1100 2006 1185 quidem

185 1206 348 1272 Hartelius
376 1227 403 1271 a
428 1207 516 1270 1879
544 1207 580 1269 in
602 1205 775 1288 Analecta,
805 1225 887 1290 quae
914 1204 1028 1270 studiis
1050 1205 1353 1292 Vindobonensibus
1381 1208 1498 1270 inserta
1524 1214 1611 1284 sunt,
1639 1206 1797 1290 siquidem
1825 1209 1903 1291 quin
1927 1201 2006 1271 ἰλυῖ

185 1335 242 1399 pro
266 1311 336 1377 ἄδει
360 1313 400 1377 ab
415 1312 576 1377 Ahrensio
597 1313 667 1375 iure
689 1319 865 1376 correctum
888 1315 929 1376 sit
951 1332 1017 1376 non
1040 1318 1087 1376 est
1110 1313 1257 1377 dubium:
1282 1318 1314 1377 at
1333 1312 1419 1398 quod
1437 1311 1680 1398 ipseHartelius
1699 1315 1821 1378 invenit
1839 1314 1879 1378 ad
1892 1317 2005 1379 vitium

186 1418 419 1486 removendum

614 1521 714 1612 ἄλλης
736 1522 776 1612 δή
799 1525 915 1612 κρήνης
938 1519 1035 1606 πιόμ’
1059 1521 1290 1613 ἑπηετανοῠ,

188 1655 226 1714 ut
251 1650 345 1735 plane
372 1649 483 1714 eodem
510 1650 645 1734 epitheto
671 1649 798 1733 fontem
826 1651 931 1713 ornari
958 1652 1098 1734 potuisse
1127 1670 1190 1734 quo
1219 1650 1311 1715 labra
1337 1658 1369 1716 et
1394 1651 1586 1736 aquationes
1614 1648 1747 1731 (πλυνοὶ
1776 1657 1808 1716 et
1829 1648 1947 1737 ἀρδμοὶ
1971 1654 2006 1715 in

190 1755 331 1838 Odyssea
358 1752 376 1834 ζ
397 1758 438 1821 86
468 1763 500 1822 et
521 1778 539 1818 ν
562 1757 643 1838 287)
672 1758 857 1838 concedam,
886 1777 1080 1840 quamquam
1103 1776 1169 1821 rem
1193 1759 1236 1822 ita
1259 1776 1328 1822 esse
1351 1758 1462 1822 eodem
1486 1759 1631 1843 exemplo
1656 1758 1863 1823 demonstrari
1885 1761 2005 1844 nequit,

189 1869 294 1928 umen
317 1883 383 1928 non
407 1863 446 1929 de
464 1863 684 1948 perennitate,
709 1864 764 1927 sed
788 1864 827 1928 de
851 1865 1061 1948 limpitadiae
1083 1864 1189 1948 sontes
1211 1865 1364 1928 hocloco
1387 1867 1439 1948 agi
1462 1884 1503 1930 ex
1525 1867 1601 1948 ipsis
1624 1864 1759 1929 Hertelii
1781 1865 1887 1930 verbis
1913 1866 2005 1930 facile

191 1973 384 2054 cognoveris.
430 1969 543 2054 Itaque
564 1989 606 2034 ne
633 1969 792 2054 Berglrius
825 1970 967 2053 quidem,
1000 1972 1058 2034 etsi
1090 1973 1192 2055 magis
1223 1972 1325 2054 placet
1352 1976 1531 2036 correctura
1558 1974 1626 2036 eius
1654 1968 1863 2058 ήδυπότου,
1892 1992 2005 2037 verum

186 2076 314 2140 videtur
336 2077 467 2160 vidisse,
489 2078 673 2161 praesertim
696 2095 771 2139 cum
795 2076 985 2140 adiectivum
1009 2075 1186 2163 ἡδύποτος,
1210 2078 1282 2142 licet
1300 2078 1339 2142 ad
1358 2080 1425 2142 vini
1441 2079 1642 2142 dulcedinem
1657 2077 1897 2162 significandam
1912 2098 2005 2164 saepe

185 2192 370 2268 usurpetur,
392 2190 499 2248 temen
520 2203 682 2267 nusquam
706 2184 790 2267 quod
814 2185 912 2247 sciam
934 2205 1038 2268 aquae
1061 2184 1257 2248 attribuatm.
1303 2183 1446 2270 Dignum
1469 2205 1567 2248 manu
1590 2190 1699 2268 poetae
1721 2184 1938 2249 videturesse

614 2304 714 2395 ἄλλης
736 2306 777 2394 δή
799 2308 916 2396 κρήνης
938 2303 1035 2390 πιόμ’
1059 2303 1287 2396 ἀκηρασίου,

185 2433 284 2517 idque
305 2434 412 2517 ipsum
435 2453 455 2497 a
476 2433 665 2497 traditarum
687 2433 864 2497 litterarum
886 2434 987 2497 forma
1004 2433 1470 2511 HIOMAIHHOTAMOY,
1499 2453 1574 2498 cum
1598 2433 1716 2518 quibus
1739 2433 1881 2498 conferas
1904 2434 2001 2498 velim

184 2530 596 2669 ΠΙΟΜΑΚΙΙΙΙᾶΑΟΙΟΥ,
620 2612 685 2657 non
708 2595 804 2657 nimis
826 2593 951 2657 recedit
994 2592 1150 2677 Exemplo
1174 2598 1221 2657 est
1242 2592 1279 2656 Il.
1302 2593 1333 2656 Ω
1357 2595 1435 2657 303:
1470 2590 1591 2678 Χερσὶν
1618 2591 1702 2678 ύδωρ
1731 2589 1879 2673 ἐπιχεῦαι
1909 2590 2003 2680 ἀκή-

187 2721 319 2783 ρατον,
342 2700 401 2765 ubi
423 2700 555 2781 scholia,
580 2700 666 2785 quod
689 2700 848 2783 explicant
871 2697 1032 2783 καθαρόν,
1058 2696 1274 2778 ἀθόλωτον,
1303 2695 1472 2782 ἀμίαντον,
1502 2700 1614 2765 eodem
1638 2700 1735 2764 verbo
1759 2705 1895 2764 nurntur
1917 2700 2004 2785 quod

186 2808 253 2890 ipse
283 2806 440 2892 Theognis
476 2827 505 2870 v.
528 2807 589 2871 961
625 2808 755 2891 opponit
786 2808 923 2891 epitheto
955 2807 1050 2871 fontis
1083 2803 1270 2895 ἀκηράσιος.
1323 2806 1469 2872 Ceterum
1501 2807 1643 2871 conferas
1670 2809 1765 2871 etiam
1793 2806 1852 2871 Od.
1881 2831 1893 2871 ι
1923 2809 2002 2872 203;

190 2903 314 2977 οἶνον..
337 2911 427 3000 ήδύν,
452 2909 680 3002 ἀκηράσιον,
704 2915 799 2977 θεῖον
822 2911 934 2977 ποτόν.

321 3018 394 3084 XV.
438 3020 478 3084 In
515 3020 722 3084 emendandis
754 3021 900 3085 versibus
935 3023 1029 3084 1043.
1060 3023 1146 3085 1044
1179 3041 1253 3085 cum
1290 3021 1328 3085 ab
1358 3040 1468 3085 eorum
1506 3020 1653 3084 codicum
1689 3020 1822 3084 lectione
1862 3019 2003 3104 proficis-

187 3126 324 3192 cendum
346 3134 469 3212 putem,
490 3128 525 3191 in
549 3127 666 3211 quibus
688 3128 805 3212 legitur
826 3121 848 3190 d
872 3126 1043 3213 στεφελής,
1068 3129 1155 3192 hunc
1177 3130 1210 3191 in
1233 3128 1366 3192 modum
1389 3147 1501 3192 censeo
1525 3134 1556 3192 et
1579 3127 1839 3212 distinguendum
1858 3132 1889 3191 et
1907 3129 2003 3191 corri-

186 3234 329 3319 gendum
352 3253 434 3299 esse:

616 3339 773 3422 εύδωμεν,·
795 3339 924 3428 φυλακή
948 3337 984 3404 δὲ
1008 3339 1129 3417 πόλεως
1151 3338 1333 3427 φυλάκεσσι
1355 3339 1505 3427 μελήσει,·

669 3441 690 3510 ά
714 3459 902 3535 σμυγερης
925 3445 1041 3534 έρατής
1063 3443 1225 3534 πατρίδος
1248 3444 1411 3535 ήμετέρης.

320 3571 412 3636 XVI.
456 3571 496 3636 V.
517 3573 603 3637 1169
627 3592 706 3657 seq.:

613 3693 651 3760 ἑκ
673 3692 894 3785 καχεταιρείης
916 3697 1002 3761 κακὰ
1025 3691 1163 3781 γίνεται·
1188 3692 1222 3761 εὖ
1245 3694 1281 3760 δέ
1304 3693 1360 3760 καὶ
1384 3692 1481 3772 αὐτός

671 3803 789 3890 γνώσῃ,
815 3801 889 3867 ἐπεὶ
912 3801 1071 3889 μεγάλους
1095 3800 1202 3890 ήλιτες
1224 3800 1414 3880 ἀθανάτους

187 3928 228 3992 ad
251 3946 322 3992 eam
345 3927 609 4011 emendationem,
633 3949 730 4013 quam
747 3929 904 4013 Bergkius
927 3931 962 3992 in
985 3931 1088 4012 prima
1109 3929 1283 4010 lyricorum
1306 3929 1444 3994 editione
1466 3931 1630 4014 proposuit
1653 3923 1728 3991 ἐπεὶ
1751 3924 1848 4012 μέγα
1870 3909 2000 4007 θεούς,

186 4034 436 4100 confirmandam
458 4036 596 4099 multum
618 4036 746 4120 prodest
768 4056 878 4100 versus
902 4034 990 4099 Seuti
1014 4036 1101 4119 quod
1124 4036 1223 4100 fertur
1244 4035 1396 4100 Hesiodei
1422 4038 1462 4100 79
1478 4055 1557 4120 seq.:

615 4155 634 4247 ή
656 4183 688 4223 τι
711 4157 783 4244 μέγ’
806 4157 993 4236 ἀθανάτους
1014 4157 1177 4246 μάκαρας,
1201 4157 1253 4224 τοὶ
1268 4153 1443 4242 Ὄλυμπον
1465 4153 1598 4241 ἔχουσιν,

617 4263 723 4354 ήλιτεν
745 4261 965 4354 Ἀμφιτρύων,

191 4410 382 4476 quemqnam
404 4412 447 4457 ne
469 4393 521 4456 hic
545 4392 674 4477 quidem
696 4393 784 4457 locus
807 4395 1010 4477 incorruptus
1030 4411 1097 4457 esse
1120 4393 1198 4457 mihi
1217 4393 1348 4457 videtur.
1387 4391 1531 4456 Correxit
1547 4391 1766 4455 Hermannus:
1787 4379 1836 4452 ‘H
1853 4385 1938 4472 μέγα
1961 4386 2001 4477 δή

187 4519 221 4562 τι
249 4498 347 4576 θεοὺς
367 4496 531 4586 μάκαρας,
555 4500 655 4564 veluti
677 4499 763 4584 apud
785 4500 993 4584 Apollonium
1016 4498 1178 4564 Rhodium
1201 4503 1233 4562 Γ
1247 4501 1311 4564 890
1335 4501 1529 4563 invenimus:
1556 4488 1596 4561 Ὠ
1619 4491 1729 4584 φίλαι,
1754 4492 1773 4584 ή
1796 4495 1880 4580 μέγα
1903 4493 1943 4583 δή
1965 4518 1999 4559 τι

187 4604 378 4692 παρήλιτον,
402 4607 561 4691 eleganter
583 4606 645 4687 ille,
663 4607 719 4671 sed
733 4607 840 4690 paullo
853 4607 1033 4689 uiolentius,
1055 4609 1083 4671 si
1101 4608 1180 4671 mihi
1198 4607 1313 4671 eredis:
1337 4607 1417 4670 nihil
1431 4611 1508 4690 puto
1527 4605 1750 4690 corrigendum
1768 4605 1830 4668 nisi
1849 4625 1892 4683 τι,
1915 4601 2001 4688 quod

185 4713 336 4778 facillime
359 4714 521 4778 emendari
544 4719 647 4799 potest
670 4713 850 4777 scribendo:

615 4833 634 4925 ή
656 4859 697 4901 τε
717 4833 788 4921 μέγ’
812 4834 999 4916 ἀθανάτους
1019 4836 1184 4924 μάκαρας,
1208 4836 1259 4903 τοὶ
1275 4831 1449 4920 ’Όλυμπον
1471 4831 1609 4919 ἔχουσιν,

616 4940 723 5032 ήλιτεν
744 4938 958 5032 Ἀμφιτρύων.
