4396 5528
217 582 306 666 quod
339 578 492 665 praebent
523 567 721 659 interpolati
738 575 908 657 antiquum
944 592 1014 638 esse
1048 574 1368 657 interpretamentum
1403 571 1519 636 docent
1541 592 1662 656 eorum,
1697 573 1753 657 qui
1776 573 1864 638 hunc
1889 592 2017 639 versum

218 708 363 787 afferunt,
386 704 575 787 scriptorum
600 701 670 781 loci,
694 700 749 763 alii
772 719 791 763 a
813 699 948 783 parisini
972 700 1026 762 alii
1050 698 1090 762 ab
1114 698 1379 782 interpolatorum
1407 697 1552 781 partibus
1575 703 1704 763 stantes.
1751 702 1827 763 sunt
1851 700 1907 782 qui
1931 719 2020 763 nunc

219 848 347 914 quoque
382 827 443 891 sibi
477 825 697 909 persuaserint
730 822 897 888 librarium
932 825 1064 908 parisini
1096 822 1171 887 libri
1207 821 1362 886 vocabulo
1391 821 1552 886 homerico
1575 818 1757 912 μιγακήτης
1779 828 1894 908 suopte
1917 823 2020 888 Marte

218 953 424 1019 substituisse
457 950 549 1031 illud,
583 948 670 1032 quod
697 949 757 1011 hoo
793 948 889 1011 unico
912 949 983 1013 loco
1007 950 1182 1026 invenitur,
1205 942 1403 1037 βαθυκήιης.
1454 967 1521 1012 ram
1545 948 1680 1013 confecit
1703 947 1886 1033 Cruegerus
1914 970 1942 1034 p.
1967 950 2019 1014 13.

216 1077 300 1141 idem
326 1077 440 1140 accidit
464 1074 641 1139 diorthotae
665 1072 697 1133 iu
721 1091 753 1135 v.
778 1072 841 1133 870
865 1073 1083 1137 instaurando.

380 1255 440 1316 187
467 1254 511 1315 A:
537 1241 610 1316 ori-dd
631 1241 707 1338 γίνη
730 1248 831 1314 κακοί·
853 1240 971 1332 ἀνδρὸς
993 1241 1159 1313 ἇνσίνελαι
1185 1241 1267 1312 eluci
1294 1238 1423 1325 ι’ίλσιτις
1461 1246 1464 1253 ’

466 1379 506 1441 li:
532 1366 664 1463 οὖδεμίη

473 1521 504 1564 a:
530 1491 665 1581 οὐδεμία

220 1627 328 1709 inepta
351 1624 552 1709 interpolatio
576 1623 615 1687 ab
640 1622 811 1705 archetypo
835 1622 918 1686 male
941 1622 1023 1687 lecto
1047 1641 1161 1687 exorsa
1184 1629 1241 1689 est.

377 1748 441 1812 219
465 1751 509 1812 A:
534 1744 642 1836 μηθὲν
664 1736 746 1831 ι’ίγαν
769 1735 908 1827 ίίσχιιλλε
931 1769 1183 1835 τιιριισσομενιον
1206 1747 1277 1834 (sic)
1301 1744 1486 1838 ιισλιηιὲιον

449 1872 509 1934 Bz:
1301 1868 1472 1938 πσλιτιίιον

219 2004 293 2061 uoto
317 1996 508 2059 diortlretam
533 1995 661 2058 ionismi
685 1996 903 2079 inpatientem.

377 2120 440 2181 245
464 2139 488 2184 s.
514 2120 556 2181 A:
583 2110 655 2183 obde)
678 2114 746 2184 τότ’
770 2118 842 2186 οὐδὲ
864 2114 980 2184 θοινιίιν
1002 2113 1142 2199 circel-cic
1164 2119 1264 2201 κλέος,
1289 2113 1371 2187 ἀλλὰ
1393 2118 1545 2211 μελήσεις

587 2231 737 2328 ι’ίφθιτον
759 2234 955 2331 ἀνθρώποις
977 2239 1049 2310 αι’ἑν
1071 2242 1154 2328 ἔχων
1177 2237 1279 2330 ὄνομα

375 2368 439 2432 245
463 2366 504 2430 B:
550 2414 1041 2435 ..........
1088 2361 1162 2435 σῦδέ
1184 2393 1219 2435 τε
1242 2368 1351 2461 λήσεις

472 2511 503 2553 z:
550 2537 1042 2559 ..........
1088 2487 1161 2560 obde*
1184 2518 1219 2580 γε
1242 2490 1352 2585 λήσεις

217 2618 378 2679 neminem
401 2615 503 2699 lugiet
524 2615 710 2677 coniectura
732 2616 794 2678 ista
818 2615 948 2699 infringi
972 2618 1218 2682 concinnitatem
1242 2620 1490 2683 ratiocinatouis.

376 2774 440 2837 299
468 2775 508 2835 A:
534 2764 638 2850 addai.¹
660 2773 701 2862 dp
724 2773 797 2856 (sic)
821 2768 917 2862 φίλος
938 2768 1024 2841 εἶναι
1047 2771 1131 2866 ἐπήν
1154 2774 1229 2863 (sio)
1252 2773 1353 2844 κακὸν
1375 2768 1467 2865 ι’ίνιλρι
1493 2775 1619 2868 γίνηται

464 2897 505 2961 B:
531 2888 604 2963 οὐδὲ
626 2895 717 2962 θέλει
742 2893 838 2984 φίλος

473 3042 504 3084 z:
532 3023 581 3086 vel
604 3023 651 3086 sic
676 3022 724 3087 vel
748 3014 815 3087 οὐδ’
838 3017 946 3088 ἐθέλοι

216 3145 348 3229 palmari
372 3146 556 3208 coniectura
578 3144 740 3229 Sauppius
762 3146 861 3230 Epist.
886 3150 956 3212 orit.
982 3169 1010 3232 p.
1037 3148 1077 3211 99
1102 3151 1242 3214 restituit
1265 3144 1370 3228 οίιίείς
1391 3150 1431 3240 λῇ
1454 3146 1550 3238 φίλος
1572 3144 1667 3219 εἶναι.

376 3268 440 3332 309
463 3271 507 3332 A:
532 3292 566 3333 εν
587 3292 647 3352 μεν
669 3271 741 3353 (sio)
765 3265 971 3337 σι.·σσι”ιοισιν
993 3263 1073 3361 ἀνὴρ
1096 3296 1299 3357 ιιειιννμενος
1321 3278 1399 3360 (sic)
1422 3268 1505 3341 sirm

449 3393 511 3457 Bz:
1426 3395 1502 3465 ίσθι

378 3519 442 3580 323
466 3520 512 3583 A:
536 3512 583 3607 μὴ
606 3517 684 3582 ποτ’
707 3515 765 3582 ἐπὶ
790 3522 913 3605 σμικρᾶ
936 3522 1005 3602 (sie)
1029 3517 1195 3609 προφάσει
1221 3517 1319 3609 φίλον
1341 3516 1524 3589 ιλιιολὲσσιιι

448 3641 509 3705 Bz:
1340 3639 1526 3737 ἆνισλίσσιφς

217 3768 292 3825 nota
317 3764 507 3828 diurthotam
532 3770 707 3846 syntaxeos
729 3768 887 3849 ignarum.

376 3889 438 3949 481
465 3890 508 3951 A:
541 3938 905 3956 .........
935 3887 975 3957 τὰ
1004 3889 1121 3983 νήφοσι
1145 3889 1266 3980 γίνεται
1292 3890 1413 3980 αἰσχρὰ

466 4011 507 4075 Β;
539 4061 989 4082 ...........
1002 4013 1136 4105 νήφουσι
1162 4013 1285 4103 γίνεται

472 4157 504 4198 z:
535 4185 988 4207 ...........
1001 4136 1130 4231 νήφοος’
1154 4138 1274 4209 cibet-ar

376 4259 438 4322 627
465 4263 509 4324 A:
540 4309 1081 4333 .............
1112 4263 1249 4357 νήφοσιν
1271 4260 1357 4333 εἶναι

445 4384 506 4447 Ba:
538 4435 1076 4456 .............
1108 4387 1241 4480 νήφοοσ’
1265 4385 1348 4458 εἶναι

218 4511 292 4569 uota
315 4508 505 4571 diorthotaur
529 4510 650 4573 formae
672 4512 842 4593 genuinae,
867 4533 980 4577 verum
1005 4517 1228 4599 insolentioris,
1251 4521 1467 4602 inpatientem.

373 4667 437 4729 487
464 4669 507 4729 Α;
534 4660 553 4755 i}
577 4663 710 4752 πιιρεών
731 4665 777 4759 μή
801 4675 894 4736 πῖνε·
919 4668 958 4738 σὺ
981 4675 1011 4738 ὸ“’
1034 4698 1120 4761 sylae
1142 4675 1219 4764 (sie)
1243 4679 1338 4743 τοῦτο
1359 4674 1502 4761 μάταιον

462 4791 504 4855 Β;
982 4798 1012 4862 d'
1034 4794 1085 4879 ἔχε

473 4935 504 4977 z:
981 4920 1016 4987 de*
1039 4918 1091 5003 ἔχε

215 5040 292 5099 nota
314 5034 537 5102 incredibilem
562 5041 739 5106 diorthotae
763 5045 922 5109 inscitiam
948 5047 1003 5127 qui
1026 5048 1231 5113 indiscretam
1256 5050 1444 5132 scripturam
1470 5050 1616 5139 οοδεγχεε
1638 5070 1701 5115 non
1725 5055 1929 5123 intellexerit.
