4374 5528
980 97 1199 157 „12-

611 287 720 372 βοόλει
744 290 858 353 πεσεῖν
879 286 966 374 πρὸς
988 281 1085 365 οδδας
1107 282 1249 353 ἑλκῶσαί
1271 310 1307 353 τε
1329 287 1387 354 σόν

611 392 771 481 γέροντα
791 402 918 481 χρῶτα
940 394 1026 480 πρὸς
1047 389 1124 478 βίαν
1145 390 1319 483 ὠθουμένη

611 496 833 590 όσχημονησαί
854 502 883 565 τ’
907 498 944 566 ἐκ
967 497 1038 566 νέου
1059 496 1227 587 βραχίονος

612 609 804 687 σπασθεῖσ’,
828 603 851 671 d
873 602 1000 687 naiaco,-
1021 607 1067 696 μή
1090 607 1195 693 σύγ’·
1219 605 1257 673 οδ
1280 608 1340 694 γάρ
1363 605 1463 686 άξιον.

929 930 1249 941 ...ι-*-

672 964 697 994 ᾧ
768 952 1018 1033 fissia-heliud..
1048 966 1171 1044 θρίω,
1249 954 1442 1043 filie-'ocu'

945 1144 1000 1207 λ’ρυι
1039 1130 1144 1197 (idum
1157 1167 1196 1199 Ιιὶ,
1218 1149 1323 1211 stupu*
1336 1188 1354 1213 Ι.

317 1283 409 1347 iuvat
431 1283 492 1348 hoc
514 1284 584 1348 loco
608 1283 751 1348 subicere
774 1284 996 1348 adnotamenta
1018 1285 1174 1369 quaedam
1197 1284 1388 1369 Berglriana‚
1411 1303 1491 1369 quae
1514 1287 1564 1348 vir
1587 1285 1627 1348 de
1649 1285 1747 1348 literis
1769 1286 1884 1349 nostris
1902 1287 2001 1350 mari·

183 1393 324 1455 tissimus
342 1392 437 1455 variis
455 1389 662 1474 temporibus,
686 1389 802 1474 quibus
816 1389 976 1454 Plutarchi
995 1390 1150 1455 Periclem
1168 1393 1324 1473 tractavit,
1345 1392 1482 1476 margini
1500 1390 1670 1476 adscripsit
1707 1391 1869 1456 Nonnulla
1887 1411 1929 1456 ex
1947 1393 2001 1457 his

182 1501 246 1562 iam
274 1517 357 1560 anno
388 1497 471 1561 1867
502 1516 576 1560 cum
603 1495 681 1560 Rob.
705 1495 849 1581 Ungero,
876 1502 1050 1562 conventus
1076 1497 1310 1582 philologcrum
1331 1497 1481 1563 Halousis
1503 1500 1602 1576 socio,
1625 1500 1875 1562 communicasse
1896 1498 2001 1584 Berg-

183 1605 273 1668 lrium
297 1603 440 1667 consulto
464 1622 686 1668 commemoro.
723 1601 964 1687 Occupavcrunt
986 1605 1072 1668 enim
1094 1604 1179 1669 hand
1198 1625 1299 1688 pauca
1316 1606 1382 1681 alii,
1405 1606 1489 1669 inter
1507 1624 1587 1689 quos
1606 1605 1735 1669 honoris
1753 1625 1848 1670 causa
1865 1607 2001 1670 nomino

184 1710 351 1792 Οοδεαυο,
384 1712 439 1794 qui
467 1729 547 1794 qnae
573 1710 608 1773 in
631 1711 732 1794 primo
756 1716 842 1774 tomo
865 1708 1091 1792 Mnemosynae
1117 1710 1156 1774 N.
1176 1709 1207 1776 S.
1229 1711 1416 1795 publicavit,
1448 1731 1558 1776 eorum
1581 1712 1738 1794 Berglrius
1761 1713 1854 1775 etiam
1879 1712 2003 1777 viderat

183 1818 332 1902 plurima:
375 1822 510 1881 attamen
532 1817 625 1902 plura
646 1816 700 1880 ille
722 1817 846 1880 silentio
869 1818 1040 1901 praeteriit,
1064 1819 1213 1901 quocirca
1235 1824 1318 1882 recte
1341 1837 1391 1883 me
1414 1818 1572 1882 facturum
1600 1838 1668 1882 csse
1696 1819 1887 1900 existimari,
1909 1820 1938 1882 si
1961 1838 2001 1884 ca

183 1943 265 2010 quae
280 1924 435 2009 Bergkius
458 1930 530 1988 ante
552 1943 626 1987 cum
648 1924 774 1988 videtur
795 1925 1013 2008 investigasse,
1036 1925 1158 2008 integra
1180 1924 1361 1988 mandanda
1383 1926 1467 2009 typis
1489 1944 1641 1988 curarem.

317 2048 490 2112 Adnotavit
512 2049 610 2132 igitur
631 2050 681 2111 vir
704 2048 904 2112 doctissimus

183 2158 278 2240 capl
305 2162 407 2218 κυνῶν
429 2151 526 2218 τέκνα
549 2175 589 2217 τε
612 2151 669 2218 καὶ
691 2153 850 2240 πιθήκων
873 2148 1009 2238 ἔκγονα
1032 2155 1235 2219 scribendum
1258 2175 1338 2219 csse:
1363 2174 1467 2240 neque
1486 2175 1523 2220 ea
1542 2175 1622 2239 quac
1640 2162 1817 2239 sequnntur
1835 2176 1911 2220 sana
1928 2175 1999 2220 esse

181 2262 340 2326 iudicarit
387 2261 429 2326 Et
455 2267 538 2326 recte
567 2261 697 2345 quidem
724 2260 792 2324 ille:
825 2281 939 2345 pamm
967 2263 1052 2325 euim
1081 2268 1152 2346 apte
1175 2261 1376 2345 Plutarchus,
1403 2268 1571 2346 postquam
1594 2261 1758 2327 Caesarem
1786 2282 1826 2326 ex
1855 2263 1998 2347 illisqui

182 2370 341 2434 caniculae
372 2388 408 2432 ac
435 2370 543 2432 simias
565 2387 673 2432 secum
695 2366 837 2432 ferebant
860 2370 1052 2452 quaesivisse
1074 2371 1226 2451 narravit,
1248 2389 1326 2433 num
1349 2388 1465 2454 pueros
1488 2370 1571 2453 apud
1595 2389 1649 2433 eos
1671 2388 1736 2433 non
1759 2376 1905 2453 parerent
1926 2389 1999 2433 mu·

181 2476 286 2556 lieres,
319 2476 423 2539 dicere
455 2479 597 2559 pergeret
629 2473 867 2560 ἡγεμονικῶς
899 2472 1027 2560 σφόδρα
1060 2477 1254 2562 νουθετῆσαι
1287 2474 1452 2540 Caesarem
1479 2476 1543 2539 illis
1569 2476 1690 2539 verbis:
1724 2476 1840 2540 arridet
1868 2475 1999 2560 Bergkii

183 2576 289 2666 ysici
294 2604 347 2658 ως.
395 2581 433 2645 In
457 2581 569 2645 eodem
593 2583 693 2664 capite
715 2581 802 2645 idem
823 2586 895 2665 post
916 2579 969 2644 ίνα
991 2581 1037 2668 μὴ
1060 2583 1171 2668 θεωρῇ
1192 2579 1291 2663 μόνον
1312 2584 1445 2646 inseruit
1468 2581 1485 2645 ό
1508 2591 1607 2664 νοῦς,
1633 2582 1747 2646 deinde
1770 2588 1874 2646 autem
1896 2589 1999 2647 trans-

183 2691 294 2774 positis
316 2688 422 2752 verbis
444 2689 514 2764 τοῖς
537 2680 750 2775 ἱστορήμασιν
771 2689 908 2772 scripsit:
932 2696 1034 2751 ταῦτα
1056 2683 1093 2752 δέ
1116 2684 1204 2751 ἐστὶν
1227 2685 1260 2751 ἐν
1283 2690 1352 2764 τοῖς
1375 2682 1635 2775 ἱστορήμασιν
1657 2696 1730 2750 τῶν
1753 2685 1866 2774 άρετης
1888 2682 1997 2773 ἔργων,

183 2791 206 2859 r‘i
229 2792 286 2860 καὶ
312 2792 405 2882 ζῆλόν
427 2816 501 2858 τινα
524 2791 581 2858 καὶ
603 2788 797 2879 προθυμίαν
820 2789 943 2879 ἀρωγὸν
966 2789 1013 2872 εἷς
1033 2790 1172 2883 μίμησιν
1195 2791 1344 2876 ἐμποιεῖ·
1368 2791 1437 2858 ἐπὶ
1459 2802 1528 2857 τῶν
1550 2794 1619 2880 γὰρ
1643 2791 1748 2858 άλλων
1771 2793 1839 2858 κτλ.

317 2902 417 2967 Uncis
445 2903 573 2985 saepsit,
601 2921 626 2965 c.
644 2902 676 2979 l,
700 2902 719 2964 l.
735 2903 777 2965 28
805 2901 967 2966 editionis·
981 2900 1209 2967 Sintenisianae
1236 2902 1369 2966 verbum
1398 2900 1629 2966 substantivum
1656 2902 1690 2965 in
1718 2902 1787 2966 loco
1816 2899 2000 2980 σπουδαῖός

183 3006 322 3095 [ἐστιν]
347 3006 486 3096 αὐλητής
506 3001 677 3096 Ἰσμηνίας.

316 3115 387 3200 Cap.
405 3118 438 3194 2,
461 3116 482 3181 l.
497 3116 539 3179 23
563 3115 676 3179 dativis
698 3113 864 3202 πρᾳότητι
887 3111 944 3178 καὶ
967 3113 1156 3202 δικαιοσύνῃ
1174 3115 1331 3200 Bergkiue
1349 3115 1496 3200 praetulit
1509 3113 1566 3179 διὰ
1579 3112 1754 3202 πρᾳότητα
1768 3113 1837 3180 κτλ
1872 3113 1999 3182 Deinde

183 3224 363 3288 dubitanter
389 3228 419 3286 et
440 3223 612 3305 respiciens
635 3220 761 3286 Solonis
783 3224 881 3286 vitam
905 3241 930 3286 c.
944 3223 983 3284 15
1008 3224 1132 3307 scripsit

315 3350 380 3414 cap.
406 3331 439 3411 3,
471 3329 490 3392 l.
516 3329 534 3391 6
568 3325 634 3391 καὶ
661 3323 821 3412 γεναίως
848 3332 905 3410 (an
932 3323 1107 3411 βεβαίωςί)
1136 3327 1253 3410 νόμους
1279 3322 1377 3393 ἐθετο
1405 3336 1436 3393 ct
1462 3333 1533 3413 post
1559 3328 1656 3393 verba
1683 3327 1837 3417 προμήκη
1870 3324 1906 3392 δέ
1937 3328 1997 3416 τήν

182 3434 325 3522 κεφαλήν
347 3432 403 3498 καὶ
427 3431 631 3518 ἀσύμμετρον
652 3436 852 3519 participium
875 3429 1009 3515 ἔχοντα
1031 3436 1236 3500 inserendum
1259 3438 1389 3500 censuit.
1426 3435 1479 3499 Ad
1502 3435 1609 3499 locum
1631 3435 1651 3498 l.
1667 3436 1722 3499 12:
1748 3428 1779 3499 οί
1803 3433 1832 3497 δ’
1850 3429 1995 3500 Ἀττικοί

182 3538 323 3630 ποιηταὶ
354 3538 586 3627 σχινοκέφαλον
613 3537 710 3605 αὐτὸν
737 3538 886 3606 ἐκάλουν·
914 3541 972 3629 τήν
1000 3540 1060 3627 γάρ
1087 3537 1223 3606 σκίλλαν
1249 3536 1338 3605 ἐστιν
1365 3540 1419 3606 ὅτε
1447 3538 1502 3606 καὶ
1532 3543 1637 3620 σχῖνον
1664 3537 1855 3623 ὀνομάζουσι
1879 3544 1995 3607 rectius

182 3649 443 3713 conformandum
470 3649 633 3733 complura
658 3650 709 3712 vir
735 3649 937 3714 doctissimus
964 3651 1107 3713 tentavit:
1141 3669 1177 3713 ac
1204 3651 1343 3733 primum
1370 3645 1496 3712 ἀστεῖοι
1523 3648 1688 3732 adscripsit
1709 3669 1775 3712 non
1798 3650 1866 3712 sine
1889 3649 1996 3733 aliqua

182 3756 390 3834 dubitatione,
419 3756 533 3819 deinde
561 3757 706 3820 coniecit:
741 3748 772 3818 οί
800 3751 837 3819 δέ
864 3753 1005 3844 ποιηταὶ
1032 3752 1265 3842 σχινοκέφαλον
1292 3751 1389 3820 αὐτὸν
1416 3750 1562 3818 ἐκάλουν·
1587 3755 1644 3842 τήν
1666 3755 1726 3840 γάρ
1750 3749 1883 3818 σκίλλαν
1906 3749 1995 3819 ἐστιν

182 3863 236 3928 ὅτε
268 3859 325 3925 καὶ
357 3864 463 3942 σχῖνον
495 3855 530 3926 oi
558 3854 729 3925 Ἀττικοὶ
761 3858 967 3944 ὀνομάζουσι,
1000 3865 1129 3928 tertium
1159 3864 1244 3926 iecit:
1279 3855 1310 3926 οί
1344 3859 1373 3924 δ’
1400 3855 1571 3925 Ἀττικοὶ
1600 3859 1772 3950 [ποιηταὶ]
1801 3860 1869 3926 κτλ.
1920 3861 1995 3927 Non

182 3970 357 4036 omittenda
382 3971 417 4033 in
439 3970 551 4034 eodem
576 3971 677 4054 capite
699 3972 898 4054 transpositio
922 3969 1064 4035 adverbii
1084 3966 1183 4052 μόνον
1205 3970 1225 4033 l.
1243 3971 1298 4033 19;
1337 3961 1550 4056 Τηλεκλείδης
1572 3965 1609 4031 δὲ
1630 3965 1728 4032 ποτὲ
1749 3965 1818 4050 μὲν
1841 3968 1907 4032 ὑπὸ
1930 3975 1995 4032 τῶν

182 4074 383 4161 πραγμάτων
405 4072 619 4164 ήπορημέναιν
641 4070 817 4163 καθῆσθαί
839 4095 941 4164 φησιν
963 4072 1060 4140 αὐτὸν
1083 4072 1116 4138 ἐν
1138 4078 1179 4165 τῇ
1195 4072 1295 4139 πόλει
1318 4077 1625 4162 καρηβαροῦντα,
1647 4072 1732 4140 ποτέ
1754 4071 1791 4138 δέ
1812 4073 1929 4157 μόνον
1952 4070 1994 4138 ἐκ

183 4182 351 4270 κεφαλῆς
378 4176 650 4246 ἑνδεκακλίνου
677 4180 847 4266 θόρυβον
874 4180 996 4246 πολὺν
1019 4179 1302 4260 ἐξανατέλλεινε
1327 4188 1398 4266 post
1419 4169 1664 4271 καρηβαροῦντα
1687 4185 1773 4247 euim
1795 4185 1864 4247 eius
1886 4183 1992 4246 locum

182 4310 250 4356 osse
273 4288 454 4370 arbitratur,
477 4288 678 4353 eximendam
701 4288 847 4352 vocrdam
869 4295 941 4373 post
962 4285 1048 4352 ποτὲ
1069 4284 1115 4352 δέ.

316 4412 425 4499 Capd
448 4414 483 4477 in
505 4411 647 4476 Platonis
669 4432 764 4477 versu

664 4536 708 4614 ὥς
730 4557 845 4624 φασιν,
870 4536 888 4602 ό
914 4531 1040 4623 Χείρων
1062 4532 1245 4623 ἐξέθρεψας
1267 4533 1432 4623 Περικλέα

182 4661 338 4746 Berglrius
360 4682 426 4727 non
449 4662 629 4739 arficulum,
652 4661 708 4726 sed
731 4663 861 4727 alteram
883 4662 973 4727 verbi
995 4658 1096 4749 φασίν
1118 4661 1274 4745 syllabam
1296 4662 1378 4727 tollit
1399 4661 1565 4728 scribendo

664 4785 708 4862 ὥς
730 4790 818 4872 φασ’
841 4780 1011 4872 ό.Χει’ρων
1033 4782 1216 4875 ἐξέθρεψας
1237 4782 1416 4873 Περικλέα,
