<?xml version="1.0" encoding="UTF-8"?>
<!DOCTYPE html PUBLIC "-//W3C//DTD XHTML 1.0 Transitional//EN"
    "http://www.w3.org/TR/xhtml1/DTD/xhtml1-transitional.dtd">
<html xmlns="http://www.w3.org/1999/xhtml" xml:lang="en" lang="en">
 <head>
  <title>
</title>
<meta http-equiv="Content-Type" content="text/html;charset=utf-8" />
  <meta name='ocr-system' content='tesseract 3.04.00' />
  <meta name='ocr-capabilities' content='ocr_page ocr_carea ocr_par ocr_line ocrx_word'/>
</head>
<body>
  <div class='ocr_page' id='page_1' title='image "./quaestionestheo00jordgoog_0024.png"; bbox 0 0 4374 5528; ppageno 0'>
   <div class='ocr_carea' id='block_1_1' title="bbox 698 999 1405 1122">
    <p class='ocr_par' dir='ltr' id='par_1_1' title="bbox 698 999 1405 1122">
     <span class='ocr_line' id='line_1_1' title="bbox 698 999 1405 1122; baseline -0.01 -18"><span class='ocrx_word' id='word_1_1' title='bbox 698 1001 935 1103; x_wconf 71' lang='lat' dir='ltr'>liudolfi</span> <span class='ocrx_word' id='word_1_2' title='bbox 975 999 1405 1122; x_wconf 89' lang='lat' dir='ltr'>Poppmuclleri</span> 
     </span>
    </p>
   </div>
   <div class='ocr_carea' id='block_1_2' title="bbox 310 1170 1839 1302">
    <p class='ocr_par' dir='ltr' id='par_1_2' title="bbox 310 1170 1839 1302">
     <span class='ocr_line' id='line_1_2' title="bbox 310 1170 1839 1302; baseline -0.005 -23"><span class='ocrx_word' id='word_1_3' title='bbox 310 1199 362 1279; x_wconf 92' lang='lat' dir='ltr'>in</span> <span class='ocrx_word' id='word_1_4' title='bbox 402 1201 575 1302; x_wconf 85' lang='lat' dir='ltr'>poetas</span> <span class='ocrx_word' id='word_1_5' title='bbox 618 1190 842 1290; x_wconf 86' lang='lat' dir='ltr'>Graecos,</span> <span class='ocrx_word' id='word_1_6' title='bbox 884 1188 1091 1270; x_wconf 84' lang='lat' dir='ltr'><strong>maxime</strong></span> <span class='ocrx_word' id='word_1_7' title='bbox 1131 1187 1184 1267; x_wconf 91' lang='lat' dir='ltr'>in</span> <span class='ocrx_word' id='word_1_8' title='bbox 1225 1186 1409 1293; x_wconf 82' lang='lat' dir='ltr'>elegias</span> <span class='ocrx_word' id='word_1_9' title='bbox 1450 1170 1793 1294; x_wconf 53' lang='lat' dir='ltr'>Theognid&#39;eas&#39;</span> <span class='ocrx_word' id='word_1_10' title='bbox 1835 1280 1839 1288; x_wconf 51' lang='grc'><strong>,</strong></span> 
     </span>
    </p>
   </div>
   <div class='ocr_carea' id='block_1_3' title="bbox 837 1362 1271 1438">
    <p class='ocr_par' dir='ltr' id='par_1_3' title="bbox 837 1362 1271 1438">
     <span class='ocr_line' id='line_1_3' title="bbox 837 1362 1271 1438; baseline -0.007 0"><span class='ocrx_word' id='word_1_11' title='bbox 837 1363 1097 1438; x_wconf 76' lang='lat' dir='ltr'>exercitationes</span> <span class='ocrx_word' id='word_1_12' title='bbox 1125 1362 1271 1435; x_wconf 82' lang='lat' dir='ltr'>criticae.</span> 
     </span>
    </p>
   </div>
   <div class='ocr_carea' id='block_1_4' title="bbox 965 1555 1136 1609">
    <p class='ocr_par' dir='ltr' id='par_1_4' title="bbox 965 1555 1136 1609">
     <span class='ocr_line' id='line_1_4' title="bbox 965 1555 1136 1609; baseline -0.012 0"><span class='ocrx_word' id='word_1_13' title='bbox 965 1555 1136 1609; x_wconf 77' lang='lat' dir='ltr'>Accedunt</span> 
     </span>
    </p>
   </div>
   <div class='ocr_carea' id='block_1_5' title="bbox 802 1678 1344 1798">
    <p class='ocr_par' dir='ltr' id='par_1_5' title="bbox 802 1678 1344 1798">
     <span class='ocr_line' id='line_1_5' title="bbox 802 1678 1344 1798; baseline -0.004 -20"><span class='ocrx_word' id='word_1_14' title='bbox 802 1678 1054 1780; x_wconf 87' lang='lat' dir='ltr'>Theodori</span> <span class='ocrx_word' id='word_1_15' title='bbox 1086 1678 1298 1798; x_wconf 84' lang='lat' dir='ltr'>Borghii</span> <span class='ocrx_word' id='word_1_16' title='bbox 1340 1692 1344 1699; x_wconf 86' lang='lat'>&#39;</span> 
     </span>
    </p>
   </div>
   <div class='ocr_carea' id='block_1_6' title="bbox 516 1861 1588 1972">
    <p class='ocr_par' dir='ltr' id='par_1_6' title="bbox 516 1861 1588 1972">
     <span class='ocr_line' id='line_1_6' title="bbox 516 1861 1588 1972; baseline -0.003 -32"><span class='ocrx_word' id='word_1_17' title='bbox 516 1867 566 1941; x_wconf 84' lang='lat' dir='ltr'>ad</span> <span class='ocrx_word' id='word_1_18' title='bbox 596 1865 775 1940; x_wconf 83' lang='lat' dir='ltr'>Periclis</span> <span class='ocrx_word' id='word_1_19' title='bbox 806 1865 936 1937; x_wconf 86' lang='lat' dir='ltr'>vitam</span> <span class='ocrx_word' id='word_1_20' title='bbox 967 1861 1259 1972; x_wconf 85' lang='lat' dir='ltr'>Plutarcheam</span> <span class='ocrx_word' id='word_1_21' title='bbox 1291 1862 1588 1937; x_wconf 84' lang='lat' dir='ltr'>adnotamenta.</span> 
     </span>
    </p>
   </div>
   <div class='ocr_carea' id='block_1_7' title="bbox 38 2092 2001 3750">
    <p class='ocr_par' dir='ltr' id='par_1_7' title="bbox 38 2092 2001 3750">
     <span class='ocr_line' id='line_1_7' title="bbox 276 2092 1339 2178; baseline -0.007 -17"><span class='ocrx_word' id='word_1_22' title='bbox 276 2098 300 2161; x_wconf 91' lang='lat'>1.</span> <span class='ocrx_word' id='word_1_23' title='bbox 346 2097 374 2161; x_wconf 88' lang='grc' dir='ltr'>Ε</span> <span class='ocrx_word' id='word_1_24' title='bbox 398 2097 586 2160; x_wconf 89' lang='lat' dir='ltr'>coniecturis</span> <span class='ocrx_word' id='word_1_25' title='bbox 609 2114 688 2178; x_wconf 81' lang='lat' dir='ltr'>quas</span> <span class='ocrx_word' id='word_1_26' title='bbox 711 2093 752 2158; x_wconf 87' lang='lat' dir='ltr'>ad</span> <span class='ocrx_word' id='word_1_27' title='bbox 773 2092 1004 2177; x_wconf 80' lang='lat' dir='ltr'>Theognidis</span> <span class='ocrx_word' id='word_1_28' title='bbox 1026 2113 1137 2158; x_wconf 86' lang='lat' dir='ltr'>versus</span> <span class='ocrx_word' id='word_1_29' title='bbox 1162 2093 1234 2156; x_wconf 81' lang='grc'><strong>111.</strong></span> <span class='ocrx_word' id='word_1_30' title='bbox 1262 2093 1339 2156; x_wconf 86' lang='grc'><strong>118;</strong></span> 
     </span>
     <span class='ocr_line' id='line_1_8' title="bbox 641 2212 1499 2305; baseline -0.002 -22"><span class='ocrx_word' id='word_1_31' title='bbox 641 2217 796 2305; x_wconf 72' lang='grc' dir='ltr'>κιβδήλου</span> <span class='ocrx_word' id='word_1_32' title='bbox 819 2216 848 2282; x_wconf 87' lang='grc' dir='ltr'>δ’</span> <span class='ocrx_word' id='word_1_33' title='bbox 872 2214 988 2302; x_wconf 80' lang='grc' dir='ltr'><em>ἀνδρὸς</em></span> <span class='ocrx_word' id='word_1_34' title='bbox 1008 2226 1125 2302; x_wconf 77' lang='grc' dir='ltr'><em>γνῶναι</em></span> <span class='ocrx_word' id='word_1_35' title='bbox 1147 2215 1375 2303; x_wconf 78' lang='grc' dir='ltr'>χαλεπώτερον</span> <span class='ocrx_word' id='word_1_36' title='bbox 1398 2212 1499 2296; x_wconf 77' lang='grc' dir='ltr'>οὐδέν,</span> 
     </span>
     <span class='ocr_line' id='line_1_9' title="bbox 694 2320 1425 2412; baseline -0.003 -23"><span class='ocrx_word' id='word_1_37' title='bbox 694 2324 801 2410; x_wconf 76' lang='grc' dir='ltr'><em>Κύρν’,</em></span> <span class='ocrx_word' id='word_1_38' title='bbox 826 2321 893 2389; x_wconf 79' lang='grc' dir='ltr'>οὐδ’</span> <span class='ocrx_word' id='word_1_39' title='bbox 917 2320 1068 2412; x_wconf 75' lang='grc' dir='ltr'>εὐλαβίης</span> <span class='ocrx_word' id='word_1_40' title='bbox 1090 2321 1159 2388; x_wconf 75' lang='grc' dir='ltr'>εὀεἱ</span> <span class='ocrx_word' id='word_1_41' title='bbox 1183 2321 1263 2410; x_wconf 81' lang='grc' dir='ltr'>περὶ</span> <span class='ocrx_word' id='word_1_42' title='bbox 1286 2320 1425 2401; x_wconf 81' lang='grc' dir='ltr'><strong><em>πλέονος</em></strong></span> 
     </span>
     <span class='ocr_line' id='line_1_10' title="bbox 143 2448 1960 2538; baseline -0.001 -19"><span class='ocrx_word' id='word_1_43' title='bbox 143 2454 351 2520; x_wconf 86' lang='lat' dir='ltr'>restituendos</span> <span class='ocrx_word' id='word_1_44' title='bbox 373 2454 434 2517; x_wconf 84' lang='lat' dir='ltr'>viri</span> <span class='ocrx_word' id='word_1_45' title='bbox 458 2452 542 2517; x_wconf 90' lang='lat' dir='ltr'>docti</span> <span class='ocrx_word' id='word_1_46' title='bbox 564 2453 599 2516; x_wconf 93' lang='lat' dir='ltr'>in</span> <span class='ocrx_word' id='word_1_47' title='bbox 621 2450 764 2515; x_wconf 89' lang='lat' dir='ltr'>medium</span> <span class='ocrx_word' id='word_1_48' title='bbox 787 2450 999 2535; x_wconf 88' lang='lat' dir='ltr'>protulerunt,</span> <span class='ocrx_word' id='word_1_49' title='bbox 1026 2449 1127 2532; x_wconf 87' lang='lat' dir='ltr'>nulls,</span> <span class='ocrx_word' id='word_1_50' title='bbox 1153 2449 1272 2514; x_wconf 84' lang='lat' dir='ltr'>ncilla</span> <span class='ocrx_word' id='word_1_51' title='bbox 1296 2450 1425 2534; x_wconf 91' lang='lat' dir='ltr'>quidem</span> <span class='ocrx_word' id='word_1_52' title='bbox 1454 2470 1550 2534; x_wconf 82' lang='lat' dir='ltr'>quem</span> <span class='ocrx_word' id='word_1_53' title='bbox 1573 2448 1835 2517; x_wconf 83' lang='lat' dir='ltr'>Stedtmuellerus</span> <span class='ocrx_word' id='word_1_54' title='bbox 1858 2473 1960 2538; x_wconf 88' lang='lat' dir='ltr'>nuper</span> 
     </span>
     <span class='ocr_line' id='line_1_11' title="bbox 142 2549 1956 2647; baseline -0.002 -20"><span class='ocrx_word' id='word_1_55' title='bbox 142 2564 318 2647; x_wconf 86' lang='lat' dir='ltr'>proposuit,</span> <span class='ocrx_word' id='word_1_56' title='bbox 341 2554 416 2623; x_wconf 71' lang='grc' dir='ltr'>ἔσθ’</span> <span class='ocrx_word' id='word_1_57' title='bbox 444 2554 551 2643; x_wconf 81' lang='grc' dir='ltr'>1’τερον</span> <span class='ocrx_word' id='word_1_58' title='bbox 577 2554 728 2634; x_wconf 79' lang='grc' dir='ltr'>πλέονος,</span> <span class='ocrx_word' id='word_1_59' title='bbox 756 2559 800 2622; x_wconf 85' lang='lat' dir='ltr'>ita</span> <span class='ocrx_word' id='word_1_60' title='bbox 827 2558 907 2621; x_wconf 90' lang='lat' dir='ltr'>mihi</span> <span class='ocrx_word' id='word_1_61' title='bbox 935 2557 1064 2640; x_wconf 89' lang='lat' dir='ltr'>quidem</span> <span class='ocrx_word' id='word_1_62' title='bbox 1087 2556 1240 2640; x_wconf 81' lang='lat' dir='ltr'>probetur</span> <span class='ocrx_word' id='word_1_63' title='bbox 1266 2562 1302 2620; x_wconf 84' lang='lat' dir='ltr'>ut</span> <span class='ocrx_word' id='word_1_64' title='bbox 1324 2557 1533 2621; x_wconf 88' lang='lat' dir='ltr'>Heimsoethii</span> <span class='ocrx_word' id='word_1_65' title='bbox 1561 2550 1636 2620; x_wconf 74' lang='grc' dir='ltr'><em>ἔσθ’</em></span> <span class='ocrx_word' id='word_1_66' title='bbox 1660 2556 1744 2643; x_wconf 81' lang='grc' dir='ltr'>ὅπερ</span> <span class='ocrx_word' id='word_1_67' title='bbox 1765 2549 1786 2646; x_wconf 74' lang='grc' dir='ltr'><em>ᾗ</em></span> <span class='ocrx_word' id='word_1_68' title='bbox 1808 2556 1956 2640; x_wconf 72' lang='grc' dir='ltr'>πλέονος,</span> 
     </span>
     <span class='ocr_line' id='line_1_12' title="bbox 144 2645 2001 2750; baseline -0.001 -17"><span class='ocrx_word' id='word_1_69' title='bbox 144 2689 181 2734; x_wconf 89' lang='lat' dir='ltr'>eo</span> <span class='ocrx_word' id='word_1_70' title='bbox 204 2675 309 2733; x_wconf 81' lang='lat' dir='ltr'>tamen</span> <span class='ocrx_word' id='word_1_71' title='bbox 331 2668 460 2730; x_wconf 91' lang='lat' dir='ltr'>nomine</span> <span class='ocrx_word' id='word_1_72' title='bbox 482 2665 691 2750; x_wconf 77' lang='lat' dir='ltr'>improbanda</span> <span class='ocrx_word' id='word_1_73' title='bbox 717 2664 771 2728; x_wconf 83' lang='lat' dir='ltr'>ills</span> <span class='ocrx_word' id='word_1_74' title='bbox 794 2664 936 2749; x_wconf 86' lang='lat' dir='ltr'>quidem,</span> <span class='ocrx_word' id='word_1_75' title='bbox 965 2664 1051 2748; x_wconf 91' lang='lat' dir='ltr'>quod</span> <span class='ocrx_word' id='word_1_76' title='bbox 1074 2665 1313 2728; x_wconf 88' lang='lat' dir='ltr'>eouiunctivum</span> <span class='ocrx_word' id='word_1_77' title='bbox 1340 2669 1450 2728; x_wconf 81' lang='lat' dir='ltr'>auctor</span> <span class='ocrx_word' id='word_1_78' title='bbox 1471 2669 1581 2749; x_wconf 71' lang='lat' dir='ltr'>poetae</span> <span class='ocrx_word' id='word_1_79' title='bbox 1604 2664 1720 2730; x_wconf 87' lang='lat' dir='ltr'>reddit:</span> <span class='ocrx_word' id='word_1_80' title='bbox 1754 2667 1959 2732; x_wconf 87' lang='lat' dir='ltr'>scribendum</span> <span class='ocrx_word' id='word_1_81' title='bbox 1993 2645 2001 2662; x_wconf 50' lang='lat'>⁸</span> 
     </span>
     <span class='ocr_line' id='line_1_13' title="bbox 145 2753 1423 2859; baseline -0.007 -18"><span class='ocrx_word' id='word_1_82' title='bbox 145 2781 200 2840; x_wconf 81' lang='lat' dir='ltr'>aut</span> <span class='ocrx_word' id='word_1_83' title='bbox 221 2771 289 2840; x_wconf 81' lang='grc' dir='ltr'>οὐδ’</span> <span class='ocrx_word' id='word_1_84' title='bbox 312 2767 465 2859; x_wconf 55' lang='lat' dir='ltr'>estasim</span> <span class='ocrx_word' id='word_1_85' title='bbox 488 2767 593 2835; x_wconf 80' lang='grc' dir='ltr'><em>ἐστὶν</em></span> <span class='ocrx_word' id='word_1_86' title='bbox 616 2769 713 2856; x_wconf 80' lang='grc' dir='ltr'>ὅπερ</span> <span class='ocrx_word' id='word_1_87' title='bbox 736 2766 875 2847; x_wconf 82' lang='grc' dir='ltr'><strong><em>πλέονος</em></strong></span> <span class='ocrx_word' id='word_1_88' title='bbox 897 2777 952 2835; x_wconf 81' lang='lat' dir='ltr'>aui</span> <span class='ocrx_word' id='word_1_89' title='bbox 974 2769 994 2834; x_wconf 82' lang='grc' dir='ltr'>δ’</span> <span class='ocrx_word' id='word_1_90' title='bbox 1015 2792 1052 2833; x_wconf 83' lang='grc' dir='ltr'>τι</span> <span class='ocrx_word' id='word_1_91' title='bbox 1077 2766 1224 2847; x_wconf 81' lang='grc' dir='ltr'><strong><em>πλέονος.</em></strong></span> <span class='ocrx_word' id='word_1_92' title='bbox 1421 2753 1423 2760; x_wconf 52' lang='grc'><strong>’</strong></span> 
     </span>
     <span class='ocr_line' id='line_1_14' title="bbox 277 2877 1960 2962; baseline 0.001 -17"><span class='ocrx_word' id='word_1_93' title='bbox 277 2881 318 2946; x_wconf 93' lang='lat' dir='ltr'>II.</span> <span class='ocrx_word' id='word_1_94' title='bbox 365 2880 413 2944; x_wconf 90' lang='lat' dir='ltr'>De</span> <span class='ocrx_word' id='word_1_95' title='bbox 435 2879 648 2943; x_wconf 76' lang='lat' dir='ltr'>imbecillitate</span> <span class='ocrx_word' id='word_1_96' title='bbox 666 2880 807 2942; x_wconf 80' lang='lat' dir='ltr'>humane</span> <span class='ocrx_word' id='word_1_97' title='bbox 825 2884 856 2943; x_wconf 87' lang='lat' dir='ltr'>et</span> <span class='ocrx_word' id='word_1_98' title='bbox 874 2898 980 2942; x_wconf 85' lang='lat' dir='ltr'>rerum</span> <span class='ocrx_word' id='word_1_99' title='bbox 999 2879 1135 2958; x_wconf 83' lang='lat' dir='ltr'>inscitie,</span> <span class='ocrx_word' id='word_1_100' title='bbox 1159 2878 1276 2962; x_wconf 92' lang='lat' dir='ltr'>quibus</span> <span class='ocrx_word' id='word_1_101' title='bbox 1294 2877 1460 2961; x_wconf 84' lang='lat' dir='ltr'>efficiatur,</span> <span class='ocrx_word' id='word_1_102' title='bbox 1483 2885 1519 2942; x_wconf 82' lang='lat' dir='ltr'>ut</span> <span class='ocrx_word' id='word_1_103' title='bbox 1537 2879 1714 2944; x_wconf 80' lang='lat' dir='ltr'>voluntates</span> <span class='ocrx_word' id='word_1_104' title='bbox 1733 2881 1899 2945; x_wconf 91' lang='lat' dir='ltr'>hominum</span> <span class='ocrx_word' id='word_1_105' title='bbox 1919 2882 1960 2946; x_wconf 83' lang='lat' dir='ltr'>ad</span> 
     </span>
     <span class='ocr_line' id='line_1_15' title="bbox 144 2985 1847 3072; baseline -0.001 -18"><span class='ocrx_word' id='word_1_106' title='bbox 144 2995 265 3054; x_wconf 86' lang='lat' dir='ltr'>certum</span> <span class='ocrx_word' id='word_1_107' title='bbox 289 3009 325 3053; x_wconf 83' lang='lat' dir='ltr'>ue</span> <span class='ocrx_word' id='word_1_108' title='bbox 347 2988 542 3072; x_wconf 90' lang='lat' dir='ltr'>propositum</span> <span class='ocrx_word' id='word_1_109' title='bbox 564 2986 661 3050; x_wconf 88' lang='lat' dir='ltr'>finem</span> <span class='ocrx_word' id='word_1_110' title='bbox 684 2986 815 3071; x_wconf 91' lang='lat' dir='ltr'>perduci</span> <span class='ocrx_word' id='word_1_111' title='bbox 839 2987 895 3049; x_wconf 84' lang='lat' dir='ltr'>vix</span> <span class='ocrx_word' id='word_1_112' title='bbox 918 2991 1048 3068; x_wconf 84' lang='lat' dir='ltr'>queant,</span> <span class='ocrx_word' id='word_1_113' title='bbox 1071 2990 1162 3068; x_wconf 82' lang='lat' dir='ltr'>poete</span> <span class='ocrx_word' id='word_1_114' title='bbox 1186 2985 1342 3049; x_wconf 85' lang='lat' dir='ltr'>disserens</span> <span class='ocrx_word' id='word_1_115' title='bbox 1365 2986 1415 3050; x_wconf 90' lang='lat' dir='ltr'>his</span> <span class='ocrx_word' id='word_1_116' title='bbox 1437 2985 1543 3051; x_wconf 78' lang='lat' dir='ltr'>verbis</span> <span class='ocrx_word' id='word_1_117' title='bbox 1566 2988 1740 3051; x_wconf 80' lang='lat' dir='ltr'>orationem</span> <span class='ocrx_word' id='word_1_118' title='bbox 1763 2986 1847 3052; x_wconf 88' lang='lat' dir='ltr'>finit:</span> 
     </span>
     <span class='ocr_line' id='line_1_16' title="bbox 643 3103 1506 3196; baseline -0.002 -23"><span class='ocrx_word' id='word_1_119' title='bbox 643 3107 819 3196; x_wconf 73' lang='grc' dir='ltr'>ἅνθρωποι</span> <span class='ocrx_word' id='word_1_120' title='bbox 843 3106 880 3172; x_wconf 85' lang='grc' dir='ltr'>δὲ</span> <span class='ocrx_word' id='word_1_121' title='bbox 900 3106 1027 3190; x_wconf 83' lang='grc' dir='ltr'><strong><em>μάταια</em></strong></span> <span class='ocrx_word' id='word_1_122' title='bbox 1051 3103 1230 3190; x_wconf 83' lang='grc' dir='ltr'>νομίζομεν,</span> <span class='ocrx_word' id='word_1_123' title='bbox 1255 3103 1377 3186; x_wconf 81' lang='grc' dir='ltr'><em>εἰδότες</em></span> <span class='ocrx_word' id='word_1_124' title='bbox 1398 3105 1506 3174; x_wconf 74' lang='grc' dir='ltr'><em>οὐδέν·</em></span> 
     </span>
     <span class='ocr_line' id='line_1_17' title="bbox 696 3212 1508 3303; baseline -0.001 -22"><span class='ocrx_word' id='word_1_125' title='bbox 696 3218 773 3281; x_wconf 75' lang='grc' dir='ltr'>θεοὶ</span> <span class='ocrx_word' id='word_1_126' title='bbox 796 3213 832 3280; x_wconf 83' lang='grc' dir='ltr'>δὲ</span> <span class='ocrx_word' id='word_1_127' title='bbox 854 3216 939 3280; x_wconf 72' lang='grc' dir='ltr'>κατὰ</span> <span class='ocrx_word' id='word_1_128' title='bbox 962 3212 1118 3303; x_wconf 77' lang='grc' dir='ltr'><em>σφέτερον</em></span> <span class='ocrx_word' id='word_1_129' title='bbox 1140 3213 1253 3279; x_wconf 80' lang='grc' dir='ltr'><strong><em>πάντα</em></strong></span> <span class='ocrx_word' id='word_1_130' title='bbox 1275 3215 1402 3281; x_wconf 81' lang='grc' dir='ltr'><strong><em>τελοῦσι</em></strong></span> <span class='ocrx_word' id='word_1_131' title='bbox 1426 3214 1508 3281; x_wconf 89' lang='grc' dir='ltr'><em>νόον.</em></span> 
     </span>
     <span class='ocr_line' id='line_1_18' title="bbox 38 3326 1962 3431; baseline 0.001 -23"><span class='ocrx_word' id='word_1_132' title='bbox 38 3326 42 3335; x_wconf 50' lang='grc'><em>’</em></span> <span class='ocrx_word' id='word_1_133' title='bbox 145 3347 234 3411; x_wconf 89' lang='lat' dir='ltr'>Vidit</span> <span class='ocrx_word' id='word_1_134' title='bbox 265 3346 342 3431; x_wconf 91' lang='lat' dir='ltr'>quid</span> <span class='ocrx_word' id='word_1_135' title='bbox 373 3365 430 3429; x_wconf 91' lang='lat' dir='ltr'>pro</span> <span class='ocrx_word' id='word_1_136' title='bbox 463 3343 640 3428; x_wconf 81' lang='lat' dir='ltr'>corruptela</span> <span class='ocrx_word' id='word_1_137' title='bbox 671 3341 825 3426; x_wconf 80' lang='lat' dir='ltr'>flagitaret</span> <span class='ocrx_word' id='word_1_138' title='bbox 855 3342 917 3407; x_wconf 91' lang='lat' dir='ltr'>loci</span> <span class='ocrx_word' id='word_1_139' title='bbox 949 3342 1104 3407; x_wconf 82' lang='lat' dir='ltr'>sententie</span> <span class='ocrx_word' id='word_1_140' title='bbox 1130 3341 1301 3426; x_wconf 83' lang='lat' dir='ltr'>Berghius,</span> <span class='ocrx_word' id='word_1_141' title='bbox 1332 3361 1398 3406; x_wconf 91' lang='lat' dir='ltr'>non</span> <span class='ocrx_word' id='word_1_142' title='bbox 1425 3340 1701 3409; x_wconf 76' lang='lat' dir='ltr'>Stsdtmuellerus:</span> <span class='ocrx_word' id='word_1_143' title='bbox 1731 3345 1785 3409; x_wconf 91' lang='lat' dir='ltr'>ille</span> <span class='ocrx_word' id='word_1_144' title='bbox 1813 3347 1899 3410; x_wconf 90' lang='lat' dir='ltr'>enim</span> <span class='ocrx_word' id='word_1_145' title='bbox 1926 3347 1962 3410; x_wconf 93' lang='lat' dir='ltr'>in</span> 
     </span>
     <span class='ocr_line' id='line_1_19' title="bbox 146 3442 1961 3537; baseline 0.001 -20"><span class='ocrx_word' id='word_1_146' title='bbox 146 3460 256 3537; x_wconf 77' lang='lat' dir='ltr'>quarte</span> <span class='ocrx_word' id='word_1_147' title='bbox 282 3453 455 3534; x_wconf 82' lang='lat' dir='ltr'>lyricorum</span> <span class='ocrx_word' id='word_1_148' title='bbox 482 3457 607 3536; x_wconf 79' lang='lat' dir='ltr'>poetam</span> <span class='ocrx_word' id='word_1_149' title='bbox 632 3447 757 3535; x_wconf 80' lang='grc' dir='ltr'><em>μάτην</em></span> <span class='ocrx_word' id='word_1_150' title='bbox 784 3450 862 3530; x_wconf 74' lang='lat' dir='ltr'>(sive</span> <span class='ocrx_word' id='word_1_151' title='bbox 883 3445 1016 3529; x_wconf 77' lang='grc' dir='ltr'>μόναις)</span> <span class='ocrx_word' id='word_1_152' title='bbox 1043 3442 1283 3530; x_wconf 74' lang='grc' dir='ltr'>μοχθίζομεν</span> <span class='ocrx_word' id='word_1_153' title='bbox 1310 3450 1471 3533; x_wconf 83' lang='lat' dir='ltr'>scripsisse</span> <span class='ocrx_word' id='word_1_154' title='bbox 1498 3452 1674 3534; x_wconf 80' lang='lat' dir='ltr'>suspicatus</span> <span class='ocrx_word' id='word_1_155' title='bbox 1702 3457 1762 3534; x_wconf 86' lang='lat' dir='ltr'>est,</span> <span class='ocrx_word' id='word_1_156' title='bbox 1794 3454 1847 3516; x_wconf 90' lang='lat' dir='ltr'>hic</span> <span class='ocrx_word' id='word_1_157' title='bbox 1873 3453 1961 3537; x_wconf 89' lang='lat' dir='ltr'>quod</span> 
     </span>
     <span class='ocr_line' id='line_1_20' title="bbox 145 3554 1960 3641; baseline 0.002 -17"><span class='ocrx_word' id='word_1_158' title='bbox 145 3562 278 3624; x_wconf 89' lang='lat' dir='ltr'>coniecit</span> <span class='ocrx_word' id='word_1_159' title='bbox 307 3557 434 3639; x_wconf 82' lang='grc' dir='ltr'><strong><em>μάιοιο</em></strong></span> <span class='ocrx_word' id='word_1_160' title='bbox 465 3554 666 3640; x_wconf 83' lang='grc' dir='ltr'>τοπάζομεν,</span> <span class='ocrx_word' id='word_1_161' title='bbox 699 3556 732 3620; x_wconf 93' lang='lat' dir='ltr'>id</span> <span class='ocrx_word' id='word_1_162' title='bbox 764 3575 825 3621; x_wconf 86' lang='lat' dir='ltr'>uec</span> <span class='ocrx_word' id='word_1_163' title='bbox 855 3556 919 3621; x_wconf 91' lang='lat' dir='ltr'>loci</span> <span class='ocrx_word' id='word_1_164' title='bbox 950 3557 1122 3620; x_wconf 80' lang='lat' dir='ltr'>sententiae</span> <span class='ocrx_word' id='word_1_165' title='bbox 1153 3575 1258 3641; x_wconf 87' lang='lat' dir='ltr'>neque</span> <span class='ocrx_word' id='word_1_166' title='bbox 1289 3558 1422 3621; x_wconf 81' lang='lat' dir='ltr'>orationi</span> <span class='ocrx_word' id='word_1_167' title='bbox 1449 3562 1558 3641; x_wconf 83' lang='lat' dir='ltr'>poetae</span> <span class='ocrx_word' id='word_1_168' title='bbox 1590 3558 1716 3623; x_wconf 80' lang='lat' dir='ltr'>videtur</span> <span class='ocrx_word' id='word_1_169' title='bbox 1746 3562 1821 3625; x_wconf 85' lang='lat' dir='ltr'>satis</span> <span class='ocrx_word' id='word_1_170' title='bbox 1847 3561 1960 3627; x_wconf 81' lang='lat' dir='ltr'>fecere.</span> 
     </span>
     <span class='ocr_line' id='line_1_21' title="bbox 145 3663 933 3750; baseline -0.004 -21"><span class='ocrx_word' id='word_1_171' title='bbox 145 3666 213 3750; x_wconf 82' lang='lat' dir='ltr'>Ego</span> <span class='ocrx_word' id='word_1_172' title='bbox 238 3666 367 3749; x_wconf 90' lang='lat' dir='ltr'>quidem</span> <span class='ocrx_word' id='word_1_173' title='bbox 389 3667 495 3729; x_wconf 89' lang='lat' dir='ltr'>nescio</span> <span class='ocrx_word' id='word_1_174' title='bbox 518 3686 560 3729; x_wconf 87' lang='lat' dir='ltr'>an</span> <span class='ocrx_word' id='word_1_175' title='bbox 582 3665 742 3749; x_wconf 88' lang='lat' dir='ltr'>scripserit</span> <span class='ocrx_word' id='word_1_176' title='bbox 764 3663 933 3748; x_wconf 81' lang='lat' dir='ltr'>Theognis:</span> 
     </span>
    </p>
   </div>
   <div class='ocr_carea' id='block_1_8' title="bbox 144 3781 1963 4929">
    <p class='ocr_par' dir='ltr' id='par_1_8' title="bbox 643 3781 1580 3874">
     <span class='ocr_line' id='line_1_22' title="bbox 643 3781 1580 3874; baseline 0 -22"><span class='ocrx_word' id='word_1_177' title='bbox 643 3785 821 3874; x_wconf 69' lang='lat' dir='ltr'>dedeceret</span> <span class='ocrx_word' id='word_1_178' title='bbox 846 3785 882 3852; x_wconf 79' lang='grc' dir='ltr'>δὲ</span> <span class='ocrx_word' id='word_1_179' title='bbox 903 3784 1042 3870; x_wconf 85' lang='grc' dir='ltr'><strong><em>μάται’</em></strong></span> <span class='ocrx_word' id='word_1_180' title='bbox 1065 3782 1304 3873; x_wconf 74' lang='grc' dir='ltr'>ἀλεγίζομεν,</span> <span class='ocrx_word' id='word_1_181' title='bbox 1329 3781 1452 3865; x_wconf 79' lang='grc' dir='ltr'><em>εἰδότες</em></span> <span class='ocrx_word' id='word_1_182' title='bbox 1474 3785 1580 3853; x_wconf 77' lang='grc' dir='ltr'>οὐδένι</span> 
     </span>
    </p>

    <p class='ocr_par' dir='ltr' id='par_1_9' title="bbox 144 3909 1529 4340">
     <span class='ocr_line' id='line_1_23' title="bbox 144 3909 1527 4001; baseline 0 -22"><span class='ocrx_word' id='word_1_183' title='bbox 144 3917 297 3979; x_wconf 92' lang='lat' dir='ltr'>nimirum</span> <span class='ocrx_word' id='word_1_184' title='bbox 320 3913 464 3978; x_wconf 88' lang='lat' dir='ltr'>similiter</span> <span class='ocrx_word' id='word_1_185' title='bbox 485 3913 570 3977; x_wconf 89' lang='lat' dir='ltr'>idem</span> <span class='ocrx_word' id='word_1_186' title='bbox 593 3916 713 3979; x_wconf 84' lang='lat' dir='ltr'><strong>v.310:</strong></span> <span class='ocrx_word' id='word_1_187' title='bbox 736 3912 861 3977; x_wconf 81' lang='grc' dir='ltr'><em>Πάντ’</em></span> <span class='ocrx_word' id='word_1_188' title='bbox 884 3909 1029 3998; x_wconf 74' lang='grc' dir='ltr'><em>ἀλέγων</em></span> <span class='ocrx_word' id='word_1_189' title='bbox 1050 3911 1168 4001; x_wconf 73' lang='grc' dir='ltr'><em>λήθων</em></span> <span class='ocrx_word' id='word_1_190' title='bbox 1190 3911 1235 3990; x_wconf 86' lang='grc' dir='ltr'>ὡς</span> <span class='ocrx_word' id='word_1_191' title='bbox 1257 3909 1404 3977; x_wconf 79' lang='grc' dir='ltr'><em>ἀπεόνεα</em></span> <span class='ocrx_word' id='word_1_192' title='bbox 1427 3912 1527 3979; x_wconf 87' lang='grc' dir='ltr'><em>δόκει.</em></span> 
     </span>
     <span class='ocr_line' id='line_1_24' title="bbox 278 4018 1382 4106; baseline 0.001 -21"><span class='ocrx_word' id='word_1_193' title='bbox 278 4021 336 4085; x_wconf 88' lang='grc' dir='ltr'><strong>ΙΙΙ.</strong></span> <span class='ocrx_word' id='word_1_194' title='bbox 383 4018 494 4084; x_wconf 89' lang='lat' dir='ltr'>Sobrio</span> <span class='ocrx_word' id='word_1_195' title='bbox 517 4021 634 4086; x_wconf 90' lang='lat' dir='ltr'>iudicio</span> <span class='ocrx_word' id='word_1_196' title='bbox 660 4042 753 4086; x_wconf 87' lang='lat' dir='ltr'>usum</span> <span class='ocrx_word' id='word_1_197' title='bbox 777 4023 889 4106; x_wconf 91' lang='lat' dir='ltr'>opinor</span> <span class='ocrx_word' id='word_1_198' title='bbox 910 4019 1165 4085; x_wconf 88' lang='lat' dir='ltr'>Heimsoethium</span> <span class='ocrx_word' id='word_1_199' title='bbox 1186 4021 1382 4105; x_wconf 69' lang='lat' dir='ltr'>r.li.⁹›seq.:</span> 
     </span>
     <span class='ocr_line' id='line_1_25' title="bbox 644 4140 1529 4234; baseline 0.002 -26"><span class='ocrx_word' id='word_1_200' title='bbox 644 4141 733 4231; x_wconf 67' lang='grc' dir='ltr'><em>ἄνδρ’</em></span> <span class='ocrx_word' id='word_1_201' title='bbox 757 4142 886 4230; x_wconf 73' lang='grc' dir='ltr'><em>ἀγαθὸν</em></span> <span class='ocrx_word' id='word_1_202' title='bbox 907 4140 1006 4234; x_wconf 81' lang='grc' dir='ltr'><em>πενίη</em></span> <span class='ocrx_word' id='word_1_203' title='bbox 1028 4143 1164 4209; x_wconf 82' lang='grc' dir='ltr'><em>πάντων</em></span> <span class='ocrx_word' id='word_1_204' title='bbox 1186 4144 1325 4234; x_wconf 79' lang='grc' dir='ltr'><em>δάμνησι</em></span> <span class='ocrx_word' id='word_1_205' title='bbox 1348 4143 1494 4226; x_wconf 79' lang='grc' dir='ltr'><strong><em>μάλιστα</em></strong></span> <span class='ocrx_word' id='word_1_206' title='bbox 1526 4171 1529 4179; x_wconf 79' lang='grc'><strong>’</strong></span> 
     </span>
     <span class='ocr_line' id='line_1_26' title="bbox 698 4248 1421 4340; baseline 0.003 -25"><span class='ocrx_word' id='word_1_207' title='bbox 698 4249 757 4315; x_wconf 80' lang='grc' dir='ltr'>καὶ</span> <span class='ocrx_word' id='word_1_208' title='bbox 781 4251 885 4340; x_wconf 73' lang='grc' dir='ltr'><em>γήρως</em></span> <span class='ocrx_word' id='word_1_209' title='bbox 906 4250 1036 4331; x_wconf 79' lang='grc' dir='ltr'><strong><em>πολιοῦ,</em></strong></span> <span class='ocrx_word' id='word_1_210' title='bbox 1060 4251 1173 4338; x_wconf 77' lang='grc' dir='ltr'><em>Κύρνε,</em></span> <span class='ocrx_word' id='word_1_211' title='bbox 1197 4248 1254 4316; x_wconf 86' lang='grc' dir='ltr'>καὶ</span> <span class='ocrx_word' id='word_1_212' title='bbox 1278 4249 1421 4340; x_wconf 70' lang='grc' dir='ltr'><strong><em>ἠπιάλου</em></strong></span> 
     </span>
    </p>

    <p class='ocr_par' dir='ltr' id='par_1_10' title="bbox 149 4375 1963 4571">
     <span class='ocr_line' id='line_1_27' title="bbox 150 4375 1963 4462; baseline 0.003 -21"><span class='ocrx_word' id='word_1_213' title='bbox 150 4397 206 4462; x_wconf 91' lang='lat' dir='ltr'>pro</span> <span class='ocrx_word' id='word_1_214' title='bbox 228 4378 350 4444; x_wconf 79' lang='grc' dir='ltr'><strong><em>πολιοῦ</em></strong></span> <span class='ocrx_word' id='word_1_215' title='bbox 371 4375 512 4442; x_wconf 84' lang='grc' dir='ltr'>πλεῖον</span> <span class='ocrx_word' id='word_1_216' title='bbox 532 4377 727 4460; x_wconf 88' lang='lat' dir='ltr'>reposuisse:</span> <span class='ocrx_word' id='word_1_217' title='bbox 750 4377 836 4441; x_wconf 81' lang='lat' dir='ltr'>idem</span> <span class='ocrx_word' id='word_1_218' title='bbox 857 4398 937 4443; x_wconf 92' lang='lat' dir='ltr'>num</span> <span class='ocrx_word' id='word_1_219' title='bbox 959 4397 1091 4442; x_wconf 84' lang='lat' dir='ltr'>manum</span> <span class='ocrx_word' id='word_1_220' title='bbox 1113 4382 1222 4461; x_wconf 80' lang='lat' dir='ltr'>poetae</span> <span class='ocrx_word' id='word_1_221' title='bbox 1244 4379 1414 4442; x_wconf 84' lang='lat' dir='ltr'>restituerit</span> <span class='ocrx_word' id='word_1_222' title='bbox 1437 4377 1560 4443; x_wconf 87' lang='lat' dir='ltr'>dubito:</span> <span class='ocrx_word' id='word_1_223' title='bbox 1584 4382 1699 4444; x_wconf 85' lang='lat' dir='ltr'>etenim</span> <span class='ocrx_word' id='word_1_224' title='bbox 1719 4380 1806 4445; x_wconf 84' lang='lat' dir='ltr'>chud</span> <span class='ocrx_word' id='word_1_225' title='bbox 1823 4381 1963 4447; x_wconf 78' lang='lat' dir='ltr'>vocabu-</span> 
     </span>
     <span class='ocr_line' id='line_1_28' title="bbox 149 4482 1051 4571; baseline -0.001 -23"><span class='ocrx_word' id='word_1_226' title='bbox 149 4485 217 4549; x_wconf 92' lang='lat' dir='ltr'>lum</span> <span class='ocrx_word' id='word_1_227' title='bbox 240 4488 450 4571; x_wconf 80' lang='lat' dir='ltr'>superletivus</span> <span class='ocrx_word' id='word_1_228' title='bbox 471 4482 616 4565; x_wconf 79' lang='grc' dir='ltr'><strong><em>μάλιστα</em></strong></span> <span class='ocrx_word' id='word_1_229' title='bbox 639 4483 766 4549; x_wconf 87' lang='lat' dir='ltr'>videtur</span> <span class='ocrx_word' id='word_1_230' title='bbox 786 4504 955 4570; x_wconf 87' lang='lat' dir='ltr'>suggerere</span> <span class='ocrx_word' id='word_1_231' title='bbox 977 4484 1051 4548; x_wconf 89' lang='lat' dir='ltr'>hoc:</span> 
     </span>
    </p>

    <p class='ocr_par' dir='ltr' id='par_1_11' title="bbox 148 4604 1963 4929">
     <span class='ocr_line' id='line_1_29' title="bbox 645 4604 1400 4696; baseline 0 -24"><span class='ocrx_word' id='word_1_232' title='bbox 645 4605 701 4672; x_wconf 82' lang='grc' dir='ltr'>καὶ</span> <span class='ocrx_word' id='word_1_233' title='bbox 727 4606 831 4696; x_wconf 73' lang='grc' dir='ltr'><em>γήρως</em></span> <span class='ocrx_word' id='word_1_234' title='bbox 851 4607 1005 4690; x_wconf 79' lang='grc' dir='ltr'><strong><em>μάλιον,</em></strong></span> <span class='ocrx_word' id='word_1_235' title='bbox 1029 4607 1142 4694; x_wconf 81' lang='grc' dir='ltr'><em>Κύρνε,</em></span> <span class='ocrx_word' id='word_1_236' title='bbox 1165 4604 1223 4672; x_wconf 81' lang='grc' dir='ltr'>καὶ</span> <span class='ocrx_word' id='word_1_237' title='bbox 1245 4605 1400 4696; x_wconf 73' lang='grc' dir='ltr'><strong><em>ἠπιάλου.</em></strong></span> 
     </span>
     <span class='ocr_line' id='line_1_30' title="bbox 148 4727 1962 4822; baseline 0.002 -23"><span class='ocrx_word' id='word_1_238' title='bbox 148 4734 236 4799; x_wconf 89' lang='lat' dir='ltr'>Usus</span> <span class='ocrx_word' id='word_1_239' title='bbox 258 4734 318 4798; x_wconf 92' lang='lat' dir='ltr'>hoc</span> <span class='ocrx_word' id='word_1_240' title='bbox 341 4736 551 4820; x_wconf 82' lang='lat' dir='ltr'>comparativo</span> <span class='ocrx_word' id='word_1_241' title='bbox 573 4734 725 4816; x_wconf 78' lang='lat' dir='ltr'>Tyrheus</span> <span class='ocrx_word' id='word_1_242' title='bbox 749 4739 796 4799; x_wconf 88' lang='lat' dir='ltr'>est</span> <span class='ocrx_word' id='word_1_243' title='bbox 817 4734 854 4798; x_wconf 86' lang='lat' dir='ltr'>fr.</span> <span class='ocrx_word' id='word_1_244' title='bbox 871 4736 922 4818; x_wconf 87' lang='lat'>12,</span> <span class='ocrx_word' id='word_1_245' title='bbox 942 4735 976 4799; x_wconf 81' lang='lat'>6:</span> <span class='ocrx_word' id='word_1_246' title='bbox 1009 4727 1176 4822; x_wconf 80' lang='grc' dir='ltr'><strong><em>Πλοοιοίη</em></strong></span> <span class='ocrx_word' id='word_1_247' title='bbox 1199 4730 1236 4798; x_wconf 78' lang='grc' dir='ltr'>δὲ</span> <span class='ocrx_word' id='word_1_248' title='bbox 1258 4727 1375 4798; x_wconf 77' lang='grc' dir='ltr'><em>Μίδεω</em></span> <span class='ocrx_word' id='word_1_249' title='bbox 1398 4731 1455 4799; x_wconf 85' lang='grc' dir='ltr'>καὶ</span> <span class='ocrx_word' id='word_1_250' title='bbox 1477 4734 1623 4822; x_wconf 80' lang='grc' dir='ltr'>Κινῦρεω</span> <span class='ocrx_word' id='word_1_251' title='bbox 1644 4734 1798 4818; x_wconf 84' lang='grc' dir='ltr'>μάλιον,</span> <span class='ocrx_word' id='word_1_252' title='bbox 1823 4738 1879 4803; x_wconf 88' lang='lat' dir='ltr'>sed</span> <span class='ocrx_word' id='word_1_253' title='bbox 1902 4739 1962 4804; x_wconf 88' lang='lat' dir='ltr'>hoc</span> 
     </span>
     <span class='ocr_line' id='line_1_31' title="bbox 149 4839 1963 4929; baseline 0.003 -24"><span class='ocrx_word' id='word_1_254' title='bbox 149 4860 276 4926; x_wconf 91' lang='lat' dir='ltr'>quoque</span> <span class='ocrx_word' id='word_1_255' title='bbox 298 4841 368 4906; x_wconf 91' lang='lat' dir='ltr'>loco</span> <span class='ocrx_word' id='word_1_256' title='bbox 391 4841 511 4907; x_wconf 85' lang='lat' dir='ltr'>librarii</span> <span class='ocrx_word' id='word_1_257' title='bbox 532 4862 637 4907; x_wconf 80' lang='lat' dir='ltr'>reram</span> <span class='ocrx_word' id='word_1_258' title='bbox 658 4842 792 4906; x_wconf 85' lang='lat' dir='ltr'>formam</span> <span class='ocrx_word' id='word_1_259' title='bbox 820 4841 1026 4927; x_wconf 80' lang='lat' dir='ltr'>expulenmtz&#39;</span> <span class='ocrx_word' id='word_1_260' title='bbox 1058 4839 1247 4906; x_wconf 80' lang='lat' dir='ltr'>confirment</span> <span class='ocrx_word' id='word_1_261' title='bbox 1274 4841 1408 4906; x_wconf 80' lang='lat' dir='ltr'>eundem</span> <span class='ocrx_word' id='word_1_262' title='bbox 1434 4844 1517 4908; x_wconf 85' lang='lat' dir='ltr'>inter</span> <span class='ocrx_word' id='word_1_263' title='bbox 1537 4846 1758 4929; x_wconf 76' lang='lat' dir='ltr'>grammaticos</span> <span class='ocrx_word' id='word_1_264' title='bbox 1780 4844 1963 4928; x_wconf 87' lang='lat' dir='ltr'>Hesychius</span> 
     </span>
    </p>
   </div>
   <div class='ocr_carea' id='block_1_9' title="bbox 145 4946 1746 5122">
    <p class='ocr_par' dir='ltr' id='par_1_12' title="bbox 145 4946 1746 5122">
     <span class='ocr_line' id='line_1_32' title="bbox 145 4946 443 5014; baseline 0.003 -1"><span class='ocrx_word' id='word_1_265' title='bbox 145 4953 178 5013; x_wconf 86' lang='lat' dir='ltr'>et</span> <span class='ocrx_word' id='word_1_266' title='bbox 199 4946 443 5014; x_wconf 78' lang='lat' dir='ltr'>Choeroboscus.</span> 
     </span>
     <span class='ocr_line' id='line_1_33' title="bbox 1706 5059 1746 5122; baseline 0 -27"><span class='ocrx_word' id='word_1_267' title='bbox 1706 5061 1720 5122; x_wconf 82' lang='lat' dir='ltr'>l</span> <span class='ocrx_word' id='word_1_268' title='bbox 1730 5059 1746 5095; x_wconf 70' lang='grc'><em>*</em></span> 
     </span>
    </p>
   </div>
   <div class='ocr_carea' id='block_1_10' title="bbox 0 0 2196 5528">
    <p class='ocr_par' dir='ltr' id='par_1_13' title="bbox 0 0 2196 5528">
     <span class='ocr_line' id='line_1_34' title="bbox 0 0 2196 5528; baseline 0 0"><span class='ocrx_word' id='word_1_269' title='bbox 0 0 2196 5528; x_wconf 95' lang='lat' dir='ltr'> </span> 
     </span>
    </p>
   </div>
  </div>
 </body>
</html>
