4396 5528
990 220 1212 285 -11-

196 415 257 483 Toi
291 413 352 501 μὲν
388 413 585 497 ὑποχθόνιοι
621 411 766 500 μάκαρες
801 416 964 504 θνητοῖς
998 411 1171 480 καλέονται
1208 417 1323 500 corrigi
1360 421 1515 501 oportere,
1552 436 1648 501 quam
1685 417 1937 483 emendationem
1968 416 2009 482 ab

192 527 231 590 A.
254 524 392 589 Rrachio
415 526 450 589 in
472 527 596 589 textum
617 528 775 607 receptam
797 541 865 587 esse
887 522 989 588 video.
1034 522 1238 607 Ignorabam,
1261 542 1336 587 cum
1357 525 1402 589 ita
1423 525 1547 608 scripsi,
1569 523 1782 608 fragmentum
1803 523 2009 589 Pindaricum

193 634 273 713 (133
296 633 328 696 in
352 630 408 696 IV.
432 630 569 696 editione
585 629 793 714 Bergkianalz
819 624 852 706 ἐς
874 625 910 692 δὲ
932 628 989 693 τδν
1009 627 1131 694 λοιπὸν
1150 626 1262 716 χρόνον
1284 628 1403 716 ἥρωες
1424 628 1523 715 πρὸς
1545 625 1766 714 ἀνθρώπων
1788 628 2008 711 καλεῦνται,

193 757 257 822 quo
279 739 349 804 loco
371 737 521 803 Boeotius
542 743 635 822 poeta
656 735 825 801 Boeotium
846 737 986 803 imitatus
1009 754 1077 800 esse
1100 754 1171 800 mea
1193 736 1324 820 quidem
1346 739 1501 802 sententia
1522 736 1712 802 iudicandus
1735 742 1789 802 est

325 861 449 927 XXIV.
494 861 534 926 In
556 861 727 927 embaterio
749 861 905 942 Tyrtaei
927 881 946 924 a
967 858 1071 925 Dione
1094 859 1319 942 chrysostomo
1343 867 1465 926 servato
1488 863 1668 927 nohssimo:

619 981 714 1069 λάμπ’,
739 978 765 1046 ὦ
788 980 946 1068 Σπάρτας
968 979 1120 1069 εὐάνδρου
1240 1059 1256 1065 ..

618 1099 729 1174 κοῦροι
752 1085 905 1175 πατέρων
926 1088 1105 1169 πολιατᾶν,

619 1195 699 1282 λαιᾷ
719 1193 779 1278 μὲν
800 1189 1122 1280 ἴτυνπροβάλεσθε,

620 1300 696 1390 δόρυ
719 1301 748 1366 δ’
772 1299 934 1385 εὐτόλμως
954 1300 1091 1385 βάλλετε

618 1409 665 1497 μὴ
687 1407 876 1497 φειδόμενοι
898 1418 957 1488 τάς
979 1406 1076 1488 ζῶας·

621 1513 658 1581 οὐ
680 1516 741 1602 γάρ
763 1514 906 1603 πάτριον
927 1520 970 1603 τᾷ
991 1513 1132 1604 Σπάρτα

192 1645 307 1708 vitium
333 1643 481 1708 versiculi
508 1644 612 1727 quarti
637 1639 786 1724 βάλλετε,
816 1643 901 1727 quod
924 1642 999 1708 inde
1021 1648 1128 1707 ortum
1150 1647 1209 1725 est,
1237 1641 1323 1725 quod
1345 1659 1402 1727 per
1423 1660 1563 1707 errorem
1585 1642 1634 1707 bis
1656 1643 1742 1707 idem
1763 1643 1898 1708 verbum
1920 1665 2007 1730 προ-

192 1748 337 1833 βάλιαθι
359 1751 497 1836 positum
519 1755 600 1833 erat,
622 1768 689 1814 non
711 1750 757 1814 ita
777 1755 814 1815 ut
835 1748 974 1836 Berglrio
995 1752 1030 1815 in
1052 1755 1192 1819 mentem
1214 1754 1344 1814 venerat

621 1871 698 1959 δόρυ
721 1870 927 1960 (δεξιτερᾷ)
951 1872 986 1937 δ’
1004 1870 1167 1955 εὐτόλμως

192 1998 369 2064 tollendum
391 2018 472 2083 esse,
495 1999 550 2063 sed
574 1999 626 2063 hic
649 2018 777 2083 quoque
799 1999 934 2065 verbum
958 1998 1203 2084 expectandum,
1226 1998 1327 2063 multo
1350 2003 1519 2082 antequam
1542 1997 1675 2064 eandem
1697 2002 1885 2065 sententiam
1902 1999 2008 2066 Stadt-

192 2106 363 2171 muellerus
387 2106 480 2187 dixit,
502 2105 658 2170 intellexi:
681 2106 799 2170 multos
818 2105 918 2171 habeo
938 2108 1006 2170 eius
1028 2107 1075 2169 rei
1097 2111 1191 2170 testes
1214 2105 1384 2190 discipulos
1406 2124 1508 2188 meos,
1532 2124 1612 2190 quos
1634 2106 1744 2170 decem
1767 2106 1882 2172 abhinc
1904 2127 2007 2172 annos

192 2213 277 2278 huno
299 2215 333 2277 in
356 2212 487 2277 modum
509 2211 703 2277 embaterion
725 2214 895 2277 memoriae
918 2212 1041 2276 tradere
1062 2213 1155 2276 iussi:

618 2331 714 2420 dyer',
738 2330 764 2398 ὦ
787 2315 944 2424 Σπάρτας
966 2331 1119 2420 εὐάνδρου

618 2450 729 2527 κοῦροι
751 2439 904 2528 πατέρων
926 2440 1108 2523 πολιατᾶν,

618 2547 698 2636 λαιᾷ
718 2544 778 2632 μὲν
799 2542 870 2613 ἴτυν
892 2547 1119 2634 προβάλεσθε,

619 2653 695 2742 δόρυ
718 2654 747 2719 δ’
771 2652 933 2738 εὐτόλμως
954 2652 1146 2738 άνσχεσθε
1168 2654 1248 2736 κτλ,

192 2803 257 2847 non
281 2777 479 2863 ἀνέχεσθε,
504 2799 584 2865 quae
607 2786 655 2845 est
676 2779 910 2845 Stadtmuelleri
932 2783 1100 2846 sententia:
1122 2781 1281 2866 postulare
1304 2782 1390 2847 enim
1407 2781 1542 2846 aoristus
1559 2781 1685 2847 videtur
1702 2783 1866 2848 aorishrm:
1892 2782 2006 2848 obver-

148 2894 155 2906 ‘
192 2897 280 2954 satur
300 2894 409 2975 poetae
432 2888 620 2953 bellatorum
640 2888 759 2972 imago,
782 2888 884 2972 qumis
907 2887 1095 2953 describitur
1116 2891 1156 2952 A
1174 2889 1236 2952 592
1256 2907 1357 2973 seqq.:

619 3007 664 3089 ὣς
685 3005 780 3098 ἔφατ’
803 3008 992 3099 Εὐρύπυλος
1013 3008 1225 3101 βεβλημένος·
1248 3006 1280 3077 oi
1304 3010 1340 3077 δὲ
1362 3013 1443 3098 παρ’
1467 3009 1565 3077 αὐτόν

618 3113 755 3207 πλησίοι
779 3113 930 3209 ἔστησαν,
956 3115 1045 3183 σάκε’
1069 3114 1190 3201 ὤμοισι
1213 3113 1391 3198 κλίναντες,

348 3286 357 3297 ,
619 3223 747 3312 δούρατ’
771 3222 996 3309 ἀνασχόμενοι,

191 3353 339 3436 idemque
362 3351 596 3416 hemistichium
618 3354 769 3435 repetitur
793 3351 906 3416 0298
930 3356 961 3416 et
983 3353 1013 3414 P
1027 3354 1102 3417 234.

325 3475 432 3540 XXV.
478 3474 599 3541 Versus
622 3473 851 3560 Sophocleos
878 3475 918 3539 ab
940 3475 1102 3559 Hesychia
1129 3495 1152 3539 s
1167 3495 1196 3538 v.
1223 3469 1352 3561 κουρίον
1378 3480 1517 3539 servatos
1539 3472 1702 3540 Nauclrius
1729 3477 1763 3539 in
1790 3475 1876 3539 hunc
1904 3475 2006 3540 edidit

194 3579 325 3645 modum
347 3582 383 3645 ir.
400 3583 477 3646 122:
533 3611 539 3619 ·

619 3686 715 3770 νόμος
737 3685 798 3773 γάρ
821 3685 892 3752 ἐστι
914 3686 1092 3774 βαρβάροις
1113 3687 1305 3778 θυηπολεῖν

618 3793 765 3880 βρότειον
787 3792 929 3882 ἀρχῆθεν
950 3793 1042 3883 μέρος
1063 3798 1111 3881 τῷ
1132 3792 1260 3882 Κρόνῳ,

193 3918 250 3983 ubi
277 3918 410 3982 alterum
436 3937 564 3983 versum
591 3925 775 4004 corruptum
802 3939 870 3985 esse
891 3939 985 3984 nemo
1008 3941 1075 3985 non
1097 3921 1191 3985 videt
1236 3919 1422 3985 Tentamina
1444 3925 1475 3984 et
1496 3919 1660 4005 Scaligeri,
1683 3921 1739 4004 qui
1761 3915 1850 4004 γένος
1872 3921 2006 4004 scripsit,

194 4030 225 4089 et
243 4025 444 4108 Buttmanni,
468 4025 523 4108 qui
545 4019 640 4110 γέρας
662 4028 808 4108 coniecit,
829 4026 882 4090 vel
904 4045 941 4090 eo
964 4033 1047 4092 recte
1065 4027 1242 4112 repudiavit
1259 4025 1435 4109 Nauckius,
1458 4027 1534 4111 quia
1550 4045 1591 4090 ne
1608 4031 1709 4091 metro
1729 4027 1858 4111 quidem
1875 4045 2005 4111 promus

193 4127 423 4196 satisfaciunt:
452 4131 543 4216 ‘qaid
564 4132 686 4212 πλατέ’,
715 4152 909 4217 quamquam
936 4133 1064 4198 difficile
1087 4138 1134 4198 est
1161 4138 1245 4198 certo
1269 4132 1386 4214 dicere,
1413 4131 1498 4196 haud
1525 4133 1630 4216 inepte
1656 4138 1762 4198 tamen
1785 4152 1823 4197 ac
1844 4133 2006 4197 lenissima

193 4240 355 4324 scripseris
376 4239 566 4304 mutatione:

620 4342 718 4428 νόμος
739 4343 800 4432 γάρ
823 4343 894 4411 ἐστι
916 4345 1095 4433 βαρβάροις
1117 4343 1302 4435 θυηπολεῖν

618 4448 767 4538 βρότειον
788 4449 931 4540 ὐρχῆθὲν
953 4476 992 4539 yc
1012 4461 1139 4539 χρῶτα
1161 4456 1209 4539 τῷ
1231 4449 1358 4539 Κρόνῳ,

195 4595 258 4658 qua
288 4582 413 4662 recepta
443 4576 663 4642 emendatione
694 4583 794 4643 metro
827 4599 955 4664 quoque
986 4580 1171 4645 subveneris
1199 4576 1394 4644 claudicanti
1444 4575 1521 4641 Erat
1551 4579 1649 4662 igitur
1679 4596 1748 4641 mos
1775 4573 1915 4640 barbaris
1943 4575 2006 4640 illis

193 4683 366 4767 antiquitus
387 4683 533 4767 traditus,
555 4690 591 4749 ut
612 4685 800 4750 λαικαιιυυι
822 4705 940 4770 coepas
957 4685 1094 4752 Saturno
1115 4685 1324 4752 immolarent
1361 4684 1448 4749 Usus
1470 4689 1517 4749 est
1539 4683 1650 4749 eadem
1672 4684 1832 4747 locutione
1845 4680 2006 4748 Hesiodus

195 4787 251 4874 Op.
261 4791 340 4853 415:
367 4789 451 4871 μετὰ
473 4787 510 4855 δὲ
531 4787 689 4877 τρέπεται
711 4788 870 4875 βρότεος
890 4791 988 4877 χρώς
1009 4791 1140 4858 Πολλδν
1162 4789 1387 4879 ἐλαφρότερος,
1411 4809 1472 4856 nec
1494 4790 1689 4856 dissimiliter
1711 4789 1795 4873 apud
1817 4787 2004 4874 Euripidem

193 4894 270 4960 Hec.
285 4896 349 4960 406
372 4896 538 4978 Polyxena
559 4905 692 4965 matrem
714 4899 840 4964 affatur:

1749 5005 1792 5067 2*
