4374 5528
992 168 1191 230 „3-

181 367 294 432 Habeo
322 367 384 432 alia
412 385 553 451 quoque,
581 383 662 449 quae
688 383 877 448 proponam,
903 363 991 427 velut
1015 352 1064 425 Ἠ
1086 359 1217 447 μεγάλ’
1245 357 1434 438 ἀθανάτους
1460 361 1530 444 (cfr.
1558 361 1681 442 υ113)
1709 360 1760 424 vel
1783 349 1832 421 'H
1855 361 1900 443 ῥα
1926 354 2000 442 μέγ’

183 470 370 550 ἀθανάτους
392 493 434 538 ex
451 473 614 558 Apollonii
637 472 733 535 altero
756 471 838 534 libro
861 491 891 534 v.
907 472 986 534 241:
1006 459 1055 531 'H
1074 472 1115 553 ῥα
1138 467 1237 545 θεοὺς
1259 464 1370 556 ὀλοῇσι
1393 466 1572 555 παρήλιτες
1599 461 1810 553 ἀφραδίῃσιν,
1839 466 1895 531 sed
1917 465 2001 529 illud

144 622 147 630 -
182 583 283 667 magis
305 582 408 666 placet
430 586 556 665 propter
578 578 758 642 facilitatem
781 579 972 642 mutationis.

316 704 422 770 XVII
468 704 587 769 Parum
610 709 680 787 apte
704 702 767 767 dici
788 723 818 766 r.
836 702 919 765 1177
939 721 1020 786 εοη.;

610 819 644 890 εί
662 827 693 891 κ’
717 819 786 915 είής
808 821 908 911 ἔργων
929 820 1070 909 αἰσχρῶν
1092 821 1232 912 άπαθης
1254 821 1311 888 καί
1334 819 1460 909 άεργύς,

664 932 780 1018 Κύρνε,
804 927 959 1021 μεγίστην
982 954 1036 996 κεν
1057 934 1178 1016 πεῖραν
1200 927 1285 1012 ἔχοις
1307 927 1435 1017 άρετης,

183 1083 257 1128 cum
280 1061 437 1146 Berglrius
459 1059 602 1140 vidisset,
630 1059 750 1144 πεῖραν
773 1055 854 1143 ε’ληῖς
876 1061 895 1122 i.
910 1078 936 1123 e.
960 1052 1007 1134 είς
1029 1059 1149 1142 πεῖραν
1171 1050 1286 1133 ἔλθοις
1307 1063 1432 1141 poetam
1455 1058 1616 1141 scripsisse
1644 1055 1824 1120 dubitanter
1850 1056 1998 1119 coniecit:

183 1170 262 1233 mihi
284 1187 350 1232 non
374 1160 471 1247 ἔχοις,
494 1166 550 1230 sed
572 1167 692 1250 πεῖραν
713 1167 827 1230 vitium
850 1165 976 1230 videtur
997 1165 1206 1242 contraxisse,
1229 1164 1320 1228 facile
1342 1163 1520 1228 sanandum
1542 1162 1623 1227 illud
1646 1162 1775 1247 quidem
1798 1161 1998 1246 corrigendo:

612 1282 646 1354 εί
666 1289 695 1352 κ’
720 1281 788 1377 εἰἠς
810 1284 909 1374 ἔργων
931 1283 1071 1373 αἰσχρῶν
1093 1284 1234 1375 άπαθης
1256 1284 1313 1351 καί
1337 1283 1463 1371 άεργύς,

665 1394 782 1479 Κύρνε,
805 1391 961 1480 μεγίστην
983 1416 1038 1458 κεν
1058 1396 1200 1478 μοῖραν
1223 1388 1308 1474 ἔχοις
1330 1390 1454 1481 άρετης.

185 1524 282 1587 Poeta
305 1541 379 1586 eum
402 1524 458 1606 qui
480 1541 540 1586 nec
562 1523 698 1605 patiatur
720 1522 824 1605 turpIa
844 1539 904 1584 nec
926 1520 1020 1584 iaciat
1041 1520 1215 1583 maximam
1237 1521 1363 1584 virtutis
1381 1525 1502 1604 partem
1521 1519 1670 1604 adeptum
1684 1537 1752 1583 esse
1766 1518 1850 1582 dicit
1882 1518 2002 1583 Exem-

185 1630 230 1715 pli
256 1631 356 1714 gratia
382 1628 478 1692 laudo
507 1627 564 1691 Od.
580 1651 598 1690 υ
614 1628 691 1691 17οε
720 1622 787 1690 οὐδ’
815 1619 926 1704 αίδούς
951 1628 1092 1711 μοῖραν
1119 1619 1271 1705 ἔχουσιν
1298 1633 1330 1691 et
1357 1646 1398 1690 ex
1420 1629 1488 1712 ipso
1510 1625 1693 1710 Theognide
1715 1646 1744 1688 v.
1762 1627 1839 1689 150:
1864 1621 2003 1711 άρετης

186 1735 215 1801 δ’
238 1729 361 1820 ὀλίγοις
383 1731 519 1820 ἀνδράσι
542 1733 644 1817 μοῖρ’
669 1728 796 1797 ἔπεται.

319 1841 442 1906 XVIII.
487 1841 527 1906 In
550 1862 579 1904 v.
595 1842 681 1904 1178
696 1861 796 1925 seqq.:

614 1943 702 2024 οέτις
724 1944 849 2012 άποινα
873 1945 983 2025 διδοὺς
1005 1943 1152 2010 θάνατον
1174 1945 1270 2034 φύγοι
1295 1943 1370 2012 οὐδὲ
1391 1949 1525 2031 βαρεῖαν

667 2049 848 2143 δοστοχίην,
873 2048 903 2118 εἰ
924 2054 970 2142 μὴ
992 2054 1080 2137 μοῖρ’
1103 2049 1163 2117 ἐπὶ
1185 2049 1287 2138 τέρμα
1309 2051 1420 2136 βάλοι,

614 2157 681 2224 οὐδ’
705 2159 744 2223 dv
766 2159 1001 2246 δοσφροσύνας,
1025 2159 1080 2225 ὅτε
1102 2158 1143 2247 δη
1165 2159 1246 2237 θεὸς
1268 2157 1366 2245 άλγεα
1389 2157 1537 2243 πέμποι,

667 2266 791 2356 θνητὸς
813 2264 891 2354 άνηρ
914 2266 1032 2352 δώροις
1053 2265 1247 2349 βουλόμενος
1268 2267 1435 2354 προφύγοι

187 2383 329 2441 extrema
350 2376 447 2440 rerba
468 2375 601 2439 vulnere
623 2374 765 2439 laborare
788 2375 990 2439 manifestum
1013 2381 1072 2439 est:
1097 2394 1172 2438 nam
1194 2375 1283 2439 nullo
1306 2381 1397 2460 pacto
1419 2372 1612 2457 βουλόμενος
1634 2376 1709 2440 ferri
1727 2382 1842 2460 potest:
1867 2376 2002 2440 verbum

187 2484 226 2548 de
248 2484 326 2546 vitio
349 2486 531 2566 suspectum
554 2501 622 2545 esse
645 2483 749 2566 arguit
771 2482 861 2546 litera
883 2484 906 2563 δ
927 2483 961 2546 in
985 2482 1053 2546 cod.
1076 2482 1108 2545 A
1131 2500 1232 2546 erasa:
1256 2481 1413 2567 Berglrius
1436 2503 1510 2547 cum
1533 2489 1625 2547 antea
1648 2476 1797 2564 ῖλάμενος
1820 2485 2004 2567 scripsIsset,

187 2593 221 2654 in
250 2595 361 2674 quarta
386 2589 559 2670 lyricorum
587 2588 724 2653 editione
752 2583 924 2670 ούνάμενος
950 2588 1122 2672 legendum
1145 2607 1213 2652 esse
1236 2590 1371 2671 censuit,
1399 2589 1485 2673 quod
1508 2611 1686 2655 πιανιοαινι
1708 2610 1767 2674 ope
1789 2592 1931 2673 argutius
1954 2591 2005 2652 vir

188 2697 408 2781 sagacissimus
430 2697 660 2779 interpretatur.
700 2694 821 2760 Videor
848 2696 928 2759 mihi
949 2695 1019 2759 loco
1042 2695 1162 2759 leniore
1185 2694 1343 2760 medicina
1365 2698 1400 2759 in
1422 2699 1581 2781 integrum
1604 2699 1767 2761 restituere
1795 2716 1899 2780 posse:
1933 2717 2005 2760 rara

188 2805 274 2868 enim
296 2822 361 2866 vor
383 2800 601 2888 δυσφροσύναι
624 2801 802 2866 HesIodum
829 2804 863 2865 in
886 2803 1071 2866 memoriam
1098 2806 1237 2883 revocat,
1265 2803 1321 2886 qui
1347 2808 1515 2887 postquam
1543 2803 1683 2887 aquilam
1710 2803 1890 2867 Promethei
1912 2804 2005 2886 Jecur

189 2911 409 2994 depascentem
431 2908 470 2973 ab
494 2907 634 2973 Hercule
656 2909 855 2972 interfectum
878 2927 946 2972 esse
968 2909 1122 2989 narravit,
1145 2909 1191 2970 sic
1212 2910 1314 2992 pergit
1336 2929 1365 2972 v.
1383 2911 1444 2972 527
1461 2928 1539 2993 seq.:

936 3033 1040 3119 κακὴν
1063 3031 1092 3097 δ’
1115 3029 1186 3097 άπὸ
1208 3042 1322 3098 νοῦσον
1343 3029 1480 3097 άλαλκεν

615 3132 836 3225 Ἰαπετιονίδῃ
860 3137 916 3203 καὶ
939 3135 1076 3203 ἐλύσατο
1099 3137 1357 3227 δυσφροσυνάων.

190 3263 289 3329 Credo
305 3264 452 3349 equidem
467 3283 526 3329 nec
538 3284 652 3327 vanarn
667 3283 758 3348 spero
772 3263 869 3328 fidem
887 3284 956 3329 esse
974 3284 1016 3329 ex
1036 3265 1097 3330 hoc
1114 3266 1184 3330 loco
1197 3265 1387 3349 Theognidis
1400 3265 1525 3330 vulneri
1544 3285 1595 3330 me
1609 3285 1701 3350 posse
1714 3266 1847 3330 mederi:
1872 3286 2004 3350 repono:

617 3385 683 3452 οὐδ’
708 3386 747 3449 ἃν
769 3386 1005 3474 δυσφροσύνας,
1029 3388 1083 3453 ὅτε
1106 3387 1146 3476 δι’]
1168 3388 1248 3466 θεὸς
1270 3386 1369 3474 άλγεα
1391 3386 1539 3470 πέμποι,

671 3495 792 3582 θνητὸς
815 3492 893 3581 άνίγρ
917 3493 1059 3580 δώροις
1081 3494 1265 3577 λούμενος
1287 3496 1464 3583 προφύγοι.

191 3618 295 3682 Nullis
327 3620 516 3684 muneribus
549 3616 688 3702 (άποιυα
716 3618 838 3696 διδούς,
863 3618 981 3705 δώροις
1008 3617 1187 3702 λούμενος),
1219 3623 1326 3707 inquit
1351 3628 1456 3706 poeta,
1484 3628 1594 3686 contra
1619 3622 1719 3686 fatum
1748 3625 1918 3706 quisquam
1951 3629 2007 3686 aut

190 3732 323 3789 mortem
346 3727 458 3790 vitabit
480 3734 535 3790 aut
558 3727 754 3810 aegritudine
777 3747 921 3812 unquam
944 3747 978 3792 se
1000 3727 1154 3791 liberabit

324 3832 416 3896 XIX.
463 3834 553 3898 Falso
576 3835 736 3918 genitivus
758 3835 891 3898 traditus
914 3839 961 3899 est
982 3854 1012 3898 r.
1029 3836 1114 3899 1290
1129 3855 1193 3919 seq.
1216 3841 1287 3920 post
1309 3836 1529 3921 νοσφισθεῖσα
1552 3838 1585 3899 in
1609 3836 1727 3901 verbis:

619 3955 785 4046 ζωσαμένη
809 3957 838 4021 δ’
861 3952 925 4043 ἔργ’
949 3955 1104 4023 ἀτέλεστα
1126 3956 1226 4037 τέλει,

513 4064 639 4149 πατρὸς
660 4068 881 4151 νοσφισθεῖσα
904 4063 1024 4148 δόμων,
1049 4063 1154 4153 ξανθι)
1176 4059 1369 4154 Ἀταλάντη;

193 4190 272 4254 solet
298 4190 384 4253 enim
410 4188 471 4251 hoo
497 4190 629 4253 verbum
659 4210 733 4254 cum
760 4193 939 4255 accusativo
972 4192 1123 4274 coniungi
1150 4209 1254 4273 neque
1286 4191 1391 4254 solum
1418 4191 1503 4275 apud
1529 4191 1708 4257 Homerum
1735 4193 1883 4256 velutin
1913 4212 2007 4257 versu

193 4319 213 4357 τ
237 4297 300 4360 579
329 4329 363 4348 =
391 4316 417 4380 φ
443 4296 482 4357 77
508 4296 613 4377 (104):

620 4407 667 4486 τῷ
690 4425 744 4467 κεν
767 4404 835 4485 δίμα
858 4397 1018 4491 σποίμην,
1043 4399 1334 4492 νοσφισσαμένη
1356 4402 1445 4468 τόδε
1467 4403 1574 4487 δῶμα

194 4532 225 4590 et
246 4549 266 4588 τ
290 4530 353 4592 338
368 4547 446 4612 seq.:
471 4525 600 4614 Κρήτης
622 4521 697 4611 ὄρεα
720 4524 872 4612 νιφόεντα
895 4525 1115 4614 Νοσφισάμην
1137 4533 1168 4592 et
1190 4526 1210 4591 δ
1233 4530 1312 4594 263:
1335 4526 1451 4593 Παῖδά
1473 4530 1502 4592 τ’
1521 4527 1600 4617 ἐμὴν
1617 4526 1879 4619 νοσφισσαμένην
1898 4530 2007 4596 θάλα-

193 4630 255 4713 μόν
281 4656 317 4697 τε
344 4633 447 4699 πόσιν
468 4656 517 4711 τε,
546 4634 601 4698 sed
630 4635 724 4697 etiam
753 4635 838 4718 apud
861 4635 939 4699 allos
961 4640 1081 4721 poetas,
1108 4635 1198 4700 velut
1220 4637 1255 4699 in
1277 4637 1398 4718 hymno
1420 4638 1455 4701 in
1478 4636 1623 4702 Cererem
1648 4658 1675 4700 v.
1692 4640 1747 4703 92:
1772 4642 2007 4726 Νοσφισθεῖσα

194 4740 283 4803 θεῶν
311 4737 427 4828 άγορὴν
454 4749 485 4806 et
508 4741 592 4826 apud
614 4741 844 4806 Archilochum
866 4742 902 4805 fr.
919 4743 974 4806 96:
993 4735 1113 4827 Ὅρκον
1136 4739 1165 4805 δ’
1189 4736 1391 4830 ἐνοσφίσθης
1412 4739 1514 4828 μέγαν
1529 4737 1632 4821 ’Ἀλας
1654 4767 1689 4809 τε
1712 4743 1768 4808 καί
1791 4743 1955 4830 τράπεζαν
1978 4752 2009 4811 et

195 4847 280 4931 apud
303 4847 512 4932 Apollonium
535 4849 552 4912 Ι
577 4849 654 4912 187:
