4374 5528
997 134 1195 197 ..6-

183 331 370 418 particulam
393 329 438 409 ὡς
460 330 599 396 defendit
620 351 640 394 a
661 330 905 414 reprehensione
930 328 1053 412 Cobeti,
1081 330 1137 413 qui
1160 349 1234 393 cum
1257 328 1390 394 barbare
1411 330 1457 393 sic
1480 327 1543 393 dici
1565 334 1701 412 putarat,
1727 336 1812 405 πῶς
1838 326 1882 390 dv
1908 327 2007 393 scribi

183 440 281 504 iussit
327 438 440 524 Neque
471 443 578 504 tamen
598 436 713 502 eidem
745 437 897 521 Bergkio,
930 436 1016 522 quod
1044 435 1084 523 δι)
1111 457 1130 500 a
1156 438 1360 519 grammatico
1389 435 1528 520 quodam
1555 436 1596 500 ad
1623 436 1769 499 lacunam
1796 435 2007 520 supplendam

184 546 327 610 additum
350 565 418 610 esse
441 545 609 610 arbitratus
631 541 676 620 ὡς
697 551 777 606 πᾶν
800 542 972 628 legendum
995 545 1130 624 censuit,
1154 541 1391 607 assentiendum
1414 549 1505 627 puto,
1534 544 1684 627 quoniam
1706 549 1789 607 recte
1812 542 1874 607 dici
1897 540 1941 618 ὡς
1962 540 2007 629 δὴ

183 673 248 718 non
276 653 381 716 solum
408 672 450 717 ex
476 652 636 716 locutione
664 647 709 727 ὡς
736 647 776 737 δι)
803 644 921 735 όφιλον
943 653 981 732 (α
1004 651 1083 728 217,
1111 648 1232 731 λ548,
1265 650 1385 730 ε308)
1413 651 1488 714 eatis
1516 655 1656 734 apparet,
1688 669 1800 713 verum
1832 651 1926 712 etiam
1959 646 2006 725 ὡς

184 758 224 846 δη
256 779 329 823 cum
362 761 499 844 optativo
532 759 682 842 coniungi
713 776 755 821 ex
785 757 855 821 loco
888 762 973 841 patet
1002 755 1111 820 Iliadis
1143 758 1180 818 X
1196 756 1275 820 286:
1309 753 1354 832 ὡς
1386 753 1425 842 δή
1454 779 1513 836 μιν
1540 750 1658 840 (έχχος)
1687 758 1735 839 σῷ
1763 751 1809 818 ε’νὶ
1835 753 1908 841 χροῒ
1933 763 2006 818 πᾶν

185 887 348 947 militiast).

319 971 409 1036 XHl.
457 969 614 1047 Quoniam
636 990 731 1039 nemo
756 971 882 1055 quando
906 970 990 1048 diem
1017 989 1203 1055 supremum
1226 969 1371 1034 obiturus
1393 971 1434 1033 sit
1456 975 1542 1034 certo
1566 970 1657 1051 sciat,
1684 989 1777 1054 parce
1800 975 1837 1033 ut
1859 969 2004 1034 homines

186 1081 298 1165 opibus
327 1083 456 1143 utantur
483 1083 590 1142 monet
616 1096 644 1139 v.
662 1078 725 1141 903
739 1096 826 1162 seqq.
849 1083 954 1162 poeta:
983 1095 1087 1160 neque
1109 1077 1197 1141 enim
1219 1095 1330 1140 eorum
1352 1077 1435 1141 vitae
1457 1077 1614 1140 rationem
1637 1076 1745 1140 laudat
1768 1078 1834 1160 qui,
1858 1078 2004 1160 quamvis

185 1188 296 1251 divites
324 1187 400 1267 sint,
431 1190 536 1249 tamen
564 1190 628 1248 tam
660 1183 786 1248 sordide
808 1203 843 1248 se
865 1183 963 1265 alant,
992 1188 1026 1247 ut
1049 1203 1123 1247 cum
1146 1203 1204 1246 suo
1227 1184 1333 1246 animo
1356 1182 1436 1246 nihil
1460 1181 1618 1263 dederint,
1647 1182 1803 1267 quidquid
1825 1185 2005 1267 pepererint

184 1280 378 1373 divitiarum,
400 1290 569 1356 heredibus
592 1290 785 1374 relinquant,
808 1309 911 1374 neque
935 1310 1045 1354 eorum
1069 1291 1125 1373 qui
1147 1294 1341 1354 senectutem
1364 1309 1430 1353 non
1452 1296 1598 1354 curantes
1623 1309 1698 1374 opes
1720 1290 1889 1374 voluptatis
1908 1309 2005 1354 causa

183 1401 270 1479 largo
301 1397 500 1484 profundant.
550 1397 595 1461 Hi
627 1402 721 1461 sunto
749 1402 907 1480 sumptus,
939 1396 1016 1459 haec
1044 1416 1141 1480 opum
1168 1395 1417 1480 colligendarum
1445 1415 1534 1477 cura,
1567 1402 1603 1460 ut
1630 1415 1734 1479 neque
1761 1396 1830 1460 aliis
1856 1396 2003 1460 laborum

183 1506 322 1570 fructum
351 1504 455 1569 tradas
482 1523 586 1588 neque
613 1503 802 1567 mendiceris
825 1509 856 1567 et
877 1508 1039 1586 tamquam
1062 1501 1216 1566 serviliter
1238 1507 1269 1566 te
1290 1522 1399 1587 gerere
1423 1504 1545 1588 cogaris
1568 1522 1673 1587 neque
1696 1505 1802 1567 omnia
1823 1503 1952 1588 gaudia,
1976 1505 2004 1568 ai

183 1614 262 1678 forta
285 1612 325 1675 ad
348 1616 541 1676 senectutem
563 1611 758 1695 perveneris,
780 1615 812 1674 ta
833 1609 963 1692 fugiant

614 1733 716 1816 Οότιο,
739 1731 960 1821 Δημόκλεες
982 1732 1067 1797 κατὰ
1087 1732 1223 1820 χρήματ’
1247 1730 1381 1818 όίριστον
1403 1730 1559 1797 ἁπάντων

664 1840 722 1928 την
744 1837 896 1928 δαπάνην
918 1836 1047 1904 θέσθαι
1071 1838 1127 1904 καὶ
1149 1836 1286 1929 μελέτην
1309 1836 1432 1921 ἐχέμεν·

612 1944 685 2012 olive
706 1946 768 2032 γὰρ
790 1946 830 2010 dv
852 1947 1034 2032 προταμὼν
1056 1944 1144 2031 δλλιμ
1167 1945 1315 2029 κάματον
1336 1941 1554 2035 παραδοέης,

665 2050 731 2118 οἵτ’
756 2053 795 2117 ἂν
817 2053 992 2134 πτιοχεόων
1014 2052 1207 2143 δουλοσύνην
1231 2049 1368 2130 τελέοις·

612 2157 679 2226 οὐδ’
702 2155 731 2225 εἰ
754 2170 852 2247 χηρας
874 2159 974 2238 ἵκοιο,
998 2159 1040 2224 τὰ
1060 2158 1238 2246 χάρματα
1260 2157 1359 2224 πάντ’
1383 2155 1565 2250 ἀποδραίη·

666 2264 700 2330 έν
722 2263 759 2330 δέ
781 2265 898 2351 τοιῷδε
920 2263 1003 2351 χένει
1025 2266 1159 2354 χρήματ’
1183 2264 1316 2353 δ’ριοτον
1338 2262 1430 2349 έχειν.

319 2377 367 2442 De
394 2382 458 2442 toto
486 2376 556 2439 looo
585 2376 702 2459 optime
729 2376 861 2439 meritus
884 2380 931 2439 est
953 2375 1123 2459 Bergkius,
1146 2377 1199 2440 cui
1222 2374 1374 2440 debemus
1396 2381 1427 2439 et
1449 2369 1624 2458 παραδοί
1630 2397 1673 2463 ης
1694 2395 1751 2460 pro
1774 2370 1950 2463 μεταδοίης
1972 2382 2004 2440 et

183 2482 360 2565 χάρματα
382 2503 440 2569 pro
461 2480 620 2569 χρήματαε
654 2481 738 2545 idem
761 2475 843 2564 μένει
867 2481 1044 2546 insolenter
1070 2481 1195 2546 dictem
1223 2482 1362 2560 adnotat,
1389 2487 1430 2546 ut
1454 2483 1541 2547 idam
1567 2483 1613 2546 sit
1639 2483 1726 2566 quod
1752 2476 1877 2569 ἡλικία,
1907 2504 2003 2567 quam

188 2590 315 2676 quidem
343 2592 506 2655 notionem
533 2594 637 2673 aptam
665 2607 733 2652 esse
755 2588 820 2652 loci
842 2590 1014 2653 sententiae
1036 2607 1126 2673 nego.
1173 2587 1308 2653 Coniicit
1328 2589 1487 2674 Bergkius
1509 2585 1637 2672 πέλει,
1660 2594 1701 2654 ut
1722 2585 1756 2652 έν
1777 2588 1895 2673 τοιῷδε
1916 2591 2003 2655 idem

187 2698 231 2762 sit
258 2698 345 2781 quod
366 2692 400 2759 έν
421 2701 469 2781 τῴ
489 2693 640 2779 τοιούτῳ,
667 2695 706 2759 c‘n
728 2696 1051 2760 Μασκαμείοισι
1080 2695 1159 2759 mihi
1181 2695 1268 2760 aliud
1293 2696 1371 2779 quid
1393 2697 1490 2760 latere
1512 2697 1546 2759 in
1569 2691 1651 2779 μένει
1675 2696 1808 2761 videtur.
1854 2696 1896 2761 Et
1918 2699 2004 2782 cogi·

184 2806 263 2870 tanti
294 2805 373 2868 mihi
405 2824 502 2888 quam
532 2803 641 2866 multis
672 2802 777 2867 verbis
805 2808 896 2886 poeta
922 2821 957 2866 se
984 2801 1128 2866 dubitare
1156 2807 1248 2866 antea
1276 2803 1405 2884 dixerit,
1433 2822 1514 2887 quae
1541 2804 1624 2868 vitae
1651 2805 1704 2867 via
1729 2802 1936 2888 ingredienda
1962 2805 2004 2868 sit

185 2916 229 2992 (v.
246 2912 309 2975 910
325 2912 414 2995 seq.):

613 2993 670 3061 καὶ
693 2995 853 3079 δόκνομαι
879 2997 983 3085 ψυχὴν
1004 2994 1061 3061 καὶ
1084 2991 1158 3078 δι’χα
1180 2996 1289 3078 θυμὸν
1311 2990 1386 3080 ἔχω,

578 3100 612 3168 έν
634 3102 753 3190 τριόδῳ
776 3103 805 3168 δ’
829 3099 959 3192 έστηκα.
984 3103 1032 3168 δύ’
1056 3098 1121 3169 εἶσὶ
1143 3103 1295 3189 πρόσθεν
1317 3099 1390 3169 όδοί
1410 3125 1483 3186 μοι,

185 3233 284 3291 nunc,
308 3233 382 3277 cum
401 3212 479 3297 quid
498 3213 652 3296 optimum
670 3211 755 3275 factu
774 3212 816 3276 sit
833 3213 1002 3294 invenerit,
1025 3213 1185 3297 aptissime
1203 3211 1283 3275 illud
1307 3211 1452 3277 distincte
1470 3212 1596 3277 videtur
1615 3211 1820 3296 significasse,
1844 3212 2002 3296 siquidem

185 3323 309 3405 scripsit
331 3316 365 3382 έν
386 3315 423 3383 δέ
445 3315 569 3402 τοιῷδ’,
593 3319 643 3382 vel
666 3320 771 3402 potius
794 3313 987 3394 ἀουνδέτωςε

613 3438 647 3504 έν
668 3440 778 3525 τοιῷδ’
802 3438 887 3529 ἐτεῇ
907 3440 1043 3529 χρήματ’
1066 3438 1199 3527 όριοτον
1221 3435 1312 3522 ἔχειν.

188 3551 243 3618 se
265 3572 300 3615 re
322 3571 398 3617 vera
420 3549 584 3635 optimum
606 3554 653 3613 est
674 3569 749 3633 opes
771 3549 892 3614 laudere.

174 3658 336 3738 -Adiungo
364 3656 459 3722 aliud.
504 3654 614 3719 Monet
635 3661 739 3739 poeta,
767 3674 808 3720 ne
831 3654 948 3720 divitiis
970 3655 1107 3740 profusis
1129 3656 1339 3721 mendicando
1363 3658 1473 3721 amicis
1495 3655 1649 3720 molestus
1671 3659 1727 3720 sis:
1760 3663 1793 3721 at
1818 3656 1898 3742 ἡβᾶν
1919 3655 2003 3738 μετὰ

185 3771 249 3827 τῶν
272 3757 377 3848 φίλων
398 3783 464 3828 non
487 3767 582 3840 vetat,
606 3764 704 3826 immo
727 3761 955 3847 reprehendere
978 3781 1110 3826 avarum
1132 3761 1272 3845 videtur,
1296 3762 1383 3847 quod
1404 3783 1470 3827 una
1492 3781 1567 3826 cum
1589 3764 1699 3828 amicis
1720 3765 1814 3847 genio
1837 3763 2003 3848 indulgere

185 3891 251 3936 non
273 3871 357 3934 velit
392 3868 496 3946 Quid?
528 3867 703 3950 Hesiodus,
726 3869 817 3932 ouius
840 3887 932 3953 saepe
954 3869 1052 3933 verba
1073 3869 1153 3932 mihi
1176 3869 1253 3933 haec
1276 3871 1382 3934 animo
1405 3869 1615 3935 consideranti
1637 3871 1671 3934 in
1694 3872 1879 3934 memoriam
1901 3871 2003 3935 redie-

185 3984 272 4059 nmt,
296 3994 402 4041 nonne
423 3975 504 4040 illud
528 3994 656 4061 quoque
678 3973 767 4038 iubet
789 3972 861 4060 (Op.
879 3976 969 4056 353):
993 3974 1051 4039 τὸν
1072 3970 1214 4062 φιλέοντ’
1237 3971 1297 4039 ἐπὶ
1320 3973 1418 4038 δαῖτα
1442 3973 1573 4040 saleio?
1597 3975 1717 4053 Quidni
1729 3978 1881 4061 placuerit
1893 3983 2003 4062 poetae

613 4081 690 4144 ὥστ’
713 4077 747 4157 ές
769 4077 889 4167 όκαιρα
912 4083 1027 4146 πονεῖν
1048 4078 1105 4145 καὶ
1127 4081 1173 4169 μὴ
1197 4079 1293 4164 δόμεν
1316 4069 1343 4166 ᾦ
1365 4104 1403 4146 κε
1426 4083 1492 4165 (vel
1515 4086 1620 4168 potius
1643 4081 1684 4148 δν
1706 4085 1761 4162 κε)
1786 4079 1922 4173 φιλοίη

186 4212 242 4276 pro
265 4177 293 4276 ᾦ
315 4188 345 4253 κ’
369 4183 470 4276 ἐθέλῃ
491 4189 542 4252 vel
566 4175 592 4272 qi
615 4188 646 4251 κ’
670 4183 781 4251 ἐθέλοι
806 4188 879 4264 mg?

319 4297 393 4361 Alio
414 4315 510 4361 vomu
532 4295 693 4360 Hesiodus
716 4293 829 4359 suadet

613 4397 671 4465 καὶ
693 4398 791 4484 δόμεν
813 4398 849 4478 ός
871 4423 928 4466 κεν
950 4400 998 4486 dci
1020 4399 1077 4466 καὶ
1098 4401 1145 4488 μὴ
1167 4400 1265 4484 δόμεν
1287 4400 1323 4480 ὅς
1345 4424 1400 4466 κεν
1420 4401 1467 4489 μὴ
1489 4401 1550 4488 dp:

187 4513 291 4576 nescio
314 4531 355 4575 an
376 4511 475 4596 liujus
497 4528 626 4596 quoquo
649 4509 724 4573 dicti
747 4514 839 4594 poeta
861 4510 1048 4574 meminerit

319 4617 409 4682 XIV.
453 4616 497 4682 V.
512 4618 576 4682 959
595 4635 696 4700 seqq.:

614 4716 687 4788 έστε
708 4718 769 4803 μέν
791 4717 888 4800 αὐτὸς
909 4715 1026 4787 ἔπινον
1048 4718 1119 4787 ἀπὸ
1141 4721 1259 4812 κρήνης
1278 4722 1488 4811 μιλανόόροο,

668 4827 729 4917 ridi>
750 4823 832 4906 τέως
854 4825 960 4894 ε’δόκοι
983 4826 1040 4894 καὶ
1063 4828 1163 4894 καλὸν
1185 4820 1281 4912 siper
1295 4829 1394 4917 {5de·
