4374 5528
957 249 1155 310 „5-

145 465 220 511 cum
243 444 283 509 de
306 443 494 529 excipiendo
517 443 638 528 hospite
661 444 802 526 quaestio
826 443 880 524 sit,
909 461 975 506 non
998 441 1039 506 de
1061 442 1159 526 copiis
1182 440 1304 506 domus
1349 441 1463 525 Itaque
1485 461 1543 527 ego
1564 442 1627 507 loci
1651 441 1810 524 Odysseae
1832 461 1964 527 memor,

145 554 181 617 in
205 571 269 636 quo
291 550 452 616 Eteonens
474 549 656 615 Menelaum
687 551 859 634 interrogat
885 545 967 612 δ24
991 567 1091 632 seqq:
1124 541 1226 617 Ξείνοι
1249 544 1290 635 δή
1311 569 1381 611 τινε
1401 545 1485 612 τώδε
1506 594 1517 612 .
1541 594 1583 612 ..
1611 542 1698 612 Ἀλλ’
1721 541 1791 612 εἴπ’
1814 544 1834 636 ἥ
1857 569 1964 635 σφωιν

146 656 369 740 καταλύσομεν
391 652 495 733 ὠκέας
516 655 658 734 ἵππους,
679 646 728 718 Ἦ
746 651 844 720 ἀλλον
866 650 1093 740 πέμποιμεν
1116 647 1279 737 ἱκανέμεν,
1303 652 1339 732 δς
1360 676 1398 718 κε
1421 653 1556 742 φιλήσῃ,
1580 657 1625 719 sic
1647 661 1723 740 puto
1747 655 1962 721 scribendum:

647 780 732 844 ὥσθ’
757 775 813 842 ένα
834 776 895 861 μέν
918 775 1019 856 ξεῖνον
1040 778 1211 866 πατρώιον
1234 775 1293 843 οδκ
1315 775 1589 861 ἀποπέμπειν,

701 879 803 963 ξείνια
826 882 863 950 δέ
884 884 1055 950 πλεόνεσσ’
1080 881 1116 950 ού
1139 884 1275 963 δυνατὸς
1296 883 1460 972 παρέχειν.

281 995 369 1059 VIII.
416 995 455 1059 V.
466 995 530 1060 637
551 1014 651 1078 seqq:

647 1111 745 1194 ἐλπίς
766 1113 823 1181 καὶ
846 1111 992 1194 κίνδυνος
1014 1112 1048 1181 ἐν
1070 1113 1302 1203 ἀνθρώποισιν
1324 1117 1449 1199 ὁμοῖοι·

700 1215 787 1289 οδτοι
815 1222 876 1308 γάρ
897 1221 1038 1305 χαλεποὶ
1061 1218 1214 1305 δαίμονες
1235 1220 1417 1312 ἀμφότεροι

147 1359 184 1416 ut
211 1351 327 1416 tradita
352 1350 451 1414 verba
472 1355 559 1433 sunt,
587 1368 691 1434 neque
714 1349 931 1435 praedicatum
959 1348 1067 1430 δμοῖοι
1091 1350 1166 1413 satis
1188 1349 1291 1434 placet
1312 1355 1344 1415 et
1364 1350 1496 1435 languet
1517 1369 1690 1435 pronomen
1715 1341 1817 1414 οάιοιε
1851 1351 1966 1414 clarius

149 1459 213 1522 dici
227 1457 402 1541 oportebat,
417 1456 625 1540 quamobrem
643 1475 714 1541 spes
733 1462 765 1520 et
782 1454 960 1540 periculum
978 1460 1088 1540 poetae
1106 1456 1223 1520 similia
1241 1475 1309 1521 esse
1325 1456 1519 1521 viderentur:
1543 1457 1704 1541 scripsisse
1717 1458 1815 1541 igitur
1827 1456 1964 1521 videtur:

648 1577 772 1658 αὔτως
793 1579 854 1665 γάρ
874 1576 1015 1660 χαλεποὶ
1039 1574 1190 1662 δαίμονες
1212 1576 1404 1667 ἀμφότεροι.

282 1687 340 1752 ΙΧ.
363 1687 438 1752 Non
470 1692 547 1772 puto
579 1690 700 1772 integro
727 1686 841 1752 tradita
867 1706 948 1770 esse,
981 1687 1054 1751 licet
1079 1706 1187 1770 nemo,
1221 1693 1377 1771 quantum
1403 1690 1482 1766 scio,
1515 1688 1619 1752 adhuc
1646 1688 1793 1771 haeserit,
1821 1708 1857 1753 ea
1885 1707 1966 1772 quae

150 1814 179 1859 v.
196 1795 260 1858 646
276 1814 338 1880 seq.
362 1796 408 1858 sic
430 1794 593 1878 leguntur:

515 1916 661 2003 παύρους
682 1915 863 2007 κηδεμόνας
884 1917 1026 1995 πιστοὺς
1048 1918 1153 2004 εύροις
1175 1939 1231 1982 κεν
1253 1911 1401 2003 ἑταίρους

566 2020 714 2106 κείμενος
737 2021 771 2088 ἐν
791 2022 915 2112 μεγάλῃ
937 2023 1047 2106 θυμὸν
1070 2019 1242 2114 ἀμηχανίῃ

148 2157 203 2215 aut
225 2145 405 2231 κειμένου
428 2146 462 2212 ἐν
483 2147 606 2236 μεγάλῃ
631 2151 757 2231 θυμοῦ
779 2143 939 2238 ἀμηχανίῃ
962 2149 1198 2234 corrigendum,
1223 2149 1310 2233 quod
1331 2150 1387 2230 qui
1402 2148 1459 2213 Od.
1475 2170 1501 2236 φ
1515 2150 1557 2214 86
1572 2170 1672 2234 seqq:
1692 2139 1858 2226 Ἀδειλώ,
1878 2144 1912 2212 τί
1930 2173 1965 2213 νυ

148 2255 249 2342 δάκρυ
276 2251 463 2338 κατείβετον
490 2252 547 2343 ἡδὲ
569 2250 697 2340 γυναικί
722 2255 832 2338 Θυμδν
855 2253 888 2320 ἐν
911 2255 1090 2343 στήθεσσιν
1112 2250 1266 2342 δρίνετονς
1291 2243 1312 2342 ᾗ
1343 2278 1380 2319 τε
1402 2253 1459 2320 καὶ
1481 2252 1587 2333 άλλως
1608 2258 1747 2320 Κεῖται
1771 2252 1809 2320 ἐν
1831 2253 1964 2341 άλγεσι

147 2362 273 2445 θυμὸς
295 2363 476 2445 contulerit,
499 2363 591 2427 facile
615 2362 796 2446 crediderit,
819 2370 875 2428 aut

511 2463 657 2550 κείμενος
679 2465 714 2531 ἐν
734 2467 858 2555 μεγάλῃ
881 2471 1009 2551 θυμοῦ
1031 2463 1191 2557 ἀμηχανίῃ

146 2594 362 2676 scribendum,
386 2614 580 2679 quamquam
603 2594 664 2658 hoc
685 2595 792 2658 minus
814 2593 922 2678 probo.

279 2701 321 2766 x
369 2699 497 2764 ‘moa’
526 2694 575 2776 εἰς
598 2693 757 2787 Ἀθήνας’
783 2720 895 2765 vereor
920 2721 962 2766 ne
985 2703 1057 2786 quIs
1080 2701 1206 2783 clamet,
1229 2702 1257 2765 si
1278 2701 1389 2785 legerit
1412 2721 1474 2786 quo
1498 2702 1592 2766 modo
1617 2721 1674 2786 ego
1697 2702 1804 2766 locum
1827 2703 1965 2766 multum

146 2813 300 2872 tentatum
331 2811 366 2871 in
396 2809 556 2892 integrum
587 2809 751 2871 restituere
783 2827 892 2872 coner:
928 2808 1028 2872 nihilo
1060 2814 1166 2872 tamen
1198 2810 1301 2872 secius
1332 2808 1456 2872 audebo
1487 2828 1632 2893 promere
1660 2809 1748 2892 quod
1780 2810 1963 2892 excogitavi.

148 2912 246 2997 Quid,
269 2916 297 2978 si
319 2916 443 2999 scripsit
464 2919 557 2998 poeta
578 2932 607 2978 v.
624 2915 688 2977 659
702 2932 803 2998 seqq:

512 3034 579 3102 οὐδ’
603 3033 723 3118 ὀμόσαι
744 3037 804 3125 χρη
826 3037 928 3102 τοῦτ’·
952 3035 990 3102 ού
1011 3037 1142 3125 μήποτε
1164 3049 1300 3125 πρῆγμα
1323 3037 1391 3104 τόδ’
1415 3033 1523 3103 ἐσται·

568 3141 646 3209 θεοί
668 3143 729 3231 γάρ
752 3167 805 3209 τοι
829 3145 993 3226 νεμεσῶσ’,
1019 3133 1105 3209 οἷσιν
1127 3139 1244 3209 ἔπεστι
1266 3141 1359 3222 τέλος

511 3248 569 3315 καί
592 3248 734 3337 πρῆξις
754 3249 987 3333 μετέπειτα·
1011 3249 1094 3331 τάχ’
1118 3248 1155 3316 ἐκ
1178 3261 1282 3316 κακοῦ
1303 3250 1424 3316 ἐσθλὸν
1447 3246 1566 3337 έγεντο,

565 3356 621 3422 καὶ
644 3357 746 3422 κακὸν
768 3354 805 3434 ἐξ
824 3354 967 3443 ἀγαθοῦ·
990 3352 1048 3422 καί
1069 3380 1106 3422 τε
1128 3356 1281 3442 πενιχρὸς
1303 3354 1381 3444 ἀνήρ

511 3456 601 3552 αἶψα
622 3463 699 3547 μάλ’
723 3461 919 3553 ἐπλούτησε·
942 3462 999 3530 καί
1023 3460 1059 3542 ὃς
1079 3462 1169 3545 μάλα
1192 3463 1302 3528 πολλὰ
1325 3462 1494 3544 πέπαται,

591 3566 747 3660 ἐξαπίνης
768 3568 848 3636 ἀπο
871 3573 900 3634 τ’
923 3566 1025 3653 obst)
1049 3568 1149 3636 dileco
1171 3570 1261 3636 νυκτί
1283 3575 1352 3659 μιῇ.

148 3696 393 3761 Commendatur
421 3699 533 3781 opinor
555 3716 627 3762 mea
649 3699 830 3762 conIectura
852 3704 883 3762 et
904 3700 1087 3762 mutationis
1109 3697 1255 3762 facilitate
1278 3704 1309 3761 et
1332 3699 1481 3762 orationis
1505 3696 1642 3782 quadam
1665 3697 1831 3781 elegantia:
1869 3697 1963 3762 tradi-

146 3810 216 3868 tum
243 3810 289 3868 est
315 3800 439 3890 πρηξαι
467 3800 579 3885 μέντοι
607 3826 655 3867 τι·
684 3799 755 3883 καί,
787 3824 892 3889 neque
919 3824 995 3868 vero
1023 3804 1171 3888 equidem
1198 3805 1384 3889 particulam
1412 3800 1469 3867 καί
1495 3803 1718 3886 turbavissom‚
1740 3805 1804 3867 nisi
1825 3805 1964 3868 facerent

145 3930 183 3975 ea
206 3931 287 3996 quae
310 3917 486 3996 sequuntur
512 3917 667 3996 utsupra
690 3931 817 3996 quoque
840 3911 942 3975 simile
965 3912 1042 3996 quid
1065 3916 1229 3975 exaratum
1250 3911 1347 3976 fuisse
1370 3912 1503 3976 credam.
1870 3929 1872 3935 ·

279 4034 338 4099 XI.
384 4035 519 4120 Expello
541 4035 730 4120 languidum
752 4031 919 4119 παρέοντα
942 4037 1143 4120 participium
1165 4055 1193 4097 v.
1209 4037 1274 4100 889
1298 4036 1478 4100 scribendo:

511 4155 581 4222 ἀλλ’
605 4153 736 4246 αἰσχρὸν
757 4156 842 4224 νέον
864 4154 941 4224 ὄντα
964 4157 1022 4224 καί
1045 4157 1226 4223 ὠκυπόδων
1248 4156 1413 4241 ἐπιβάντα

564 4265 683 4330 ἵππων
704 4267 750 4354 μὴ
772 4265 917 4348 πόλεμον
940 4265 1122 4352 δακρυόεντ’
1146 4262 1279 4346 ἐσιδεῖν,

147 4390 270 4472 'lyrtnei
291 4392 436 4456 locorum
458 4410 581 4456 memor
602 4392 639 4455 fr.
656 4393 707 4474 10,
722 4393 763 4455 27
788 4397 820 4456 et
843 4393 894 4474 11,
911 4394 951 4456 13
976 4411 1061 4476 seqq.

280 4515 354 4581 XII.
400 4516 475 4580 Iure
498 4516 654 4601 Bergkius
675 4519 797 4581 v.894:

512 4620 556 4699 ὡς
578 4620 618 4710 δη
640 4619 854 4708 Κυψελιδέων
876 4623 957 4700 Ζευς
980 4619 1102 4687 ὀλέσειε
1124 4618 1225 4706 γένος,

279 4855 304 4922 *I
322 4853 396 4907 Haec
420 4853 569 4908 emendatio
591 4853 608 4907 i.
619 4870 642 4908 ε.
667 4856 726 4906 ἀπο
750 4872 794 4905 τοι
817 4849 869 4906 οὖν
891 4854 1003 4908 debetur
1026 4853 1056 4907 G.
1075 4853 1241 4920 Hemranno,
1266 4851 1311 4921 qui
1334 4851 1439 4923 egregie
1462 4852 1501 4905 ita
1517 4851 1614 4906 codicis
1633 4853 1657 4904 A
1675 4849 1815 4904 lectionem
1835 4852 1960 4904 ιἰποτουν

145 4943 347 5013 redintegravit:
367 4959 463 4996 υεπιννι
480 4942 601 5011 sortasse
620 4958 683 4998 eum
700 4942 850 5012 repperisse
868 4943 936 4997 dixit
952 4942 1033 4996 etiam
1052 4942 1088 4997 Η.
1101 4943 1233 4998 Jordauus
1253 4941 1361 5008 Quaest.
1379 4941 1560 5011 'Iheognideae
1578 4957 1604 5008 p.
1615 4941 1640 4995 d.
