4374 5528
211 518 376 603 Zieglerns
400 522 549 587 editionis
573 524 706 587 alterius
729 545 757 607 p.
784 526 822 585 Π
848 545 889 589 ss.
917 532 952 589 ut
976 545 1062 588 nuuc
1085 546 1136 589 res
1159 531 1243 597 sunt,
1268 526 1378 589 videor
1410 526 1486 589 mihi
1517 529 1702 591 universam
1730 529 1886 596 librorum
1915 554 2012 599 manu

211 646 402 729 scriptorum
426 648 663 729 generationem
689 653 856 712 stennnatc
880 650 963 713 infra
987 652 1114 732 scripto,
1137 650 1223 732 quod
1248 651 1376 732 quidem
1401 671 1438 713 er
1465 658 1554 738 parte
1578 672 1671 738 pesse
1694 656 1811 739 corrigi
1835 676 1900 719 non
1922 678 2014 742 nege,

210 776 362 855 exparte
385 772 508 859 potiore
532 773 691 856 integrum
716 793 787 838 esse
811 774 977 853 contendo,
1001 777 1079 839 satis
1103 775 1243 839 dilucide
1267 776 1442 840 declarare:

952 937 1147 1020 archetypen

209 1769 413 1852 interpolavit
436 1774 541 1832 autem
566 1771 730 1853 archetypi
753 1774 944 1855 scripturam
968 1771 1120 1834 audacter
1143 1772 1169 1833 is
1193 1771 1246 1851 qui
1272 1769 1390 1833 libnuu
1414 1794 1436 1833 a·
1460 1776 1543 1837 inter
1573 1796 1694 1839 nonum
1718 1774 2011 1858 duodecimumque

209 1893 376 1957 saeculum
400 1893 528 1958 videtur
550 1896 717 1982 scripsisse
741 1898 851 1980 eisque
874 1894 1173 1983 interpolationibus
1197 1912 1359 1958 accessere
1384 1895 1416 1955 in
1442 1895 1522 1957 libro
1542 1920 1564 1977 p
1588 1902 1789 1964 coniecturae
1813 1900 1951 1963 hominis
1977 1906 2011 1962 ut

209 2018 276 2080 dixi
299 2036 412 2101 graece
436 2016 518 2081 docti
553 2038 658 2103 neque
687 2022 801 2085 insulsi
825 2022 909 2085 haud
934 2041 1062 2105 paucae.
1108 2022 1162 2086 sed
1196 2019 1251 2104 qui
1284 2021 1459 2105 scripturas
1489 2021 1651 2105 archetypi
1684 2044 1757 2085 cum
1793 2026 1853 2088 lide
1888 2045 2010 2109 reprae-

209 2148 349 2207 sentaret
373 2162 458 2207 uirus
481 2144 633 2209 iuventus
656 2151 705 2209 est
728 2148 863 2229 scriptor
886 2147 1004 2210 codicis
1029 2148 1066 2223 h,
1099 2168 1117 2208 a
1142 2167 1205 2228 «quo
1235 2146 1302 2208 solo
1325 2146 1357 2207 in
1384 2149 1474 2207 textu
1499 2144 1640 2227 syllegae
1665 2153 1791 2208 nostrae
1816 2152 2010 2215 restituendo

208 2267 395 2351 pendemus
449 2270 526 2332 locis
560 2270 732 2333 adnnrdum
767 2272 888 2353 paucis,
925 2269 977 2333 ubi
1015 2272 1084 2333 eius
1117 2269 1246 2333 librario
1281 2270 1415 2333 humani
1451 2269 1528 2352 quid
1563 2270 1687 2347 accidit,
1721 2269 1761 2331 ad
1792 2274 1956 2352 exemplar
1987 2277 2009 2335 B

207 2394 410 2457 redeundum
446 2399 504 2475 est,
537 2415 573 2456 aar:
608 2414 649 2456 ne
682 2397 715 2457 in
751 2396 801 2459 his
834 2396 962 2478 quidem
1005 2397 1178 2478 quicquam
1212 2396 1352 2479 proderit
1395 2395 1651 2481 apographorum
1685 2414 1702 2456 a
1735 2396 1907 2457 aucteritas
1941 2416 2010 2480 per-

208 2516 313 2580 dubia.
370 2520 462 2582 attuli
495 2540 593 2604 supra
626 2522 810 2607 erenrplum
843 2523 914 2584 eius
946 2521 1031 2585 modi
1063 2521 1215 2583 vitiorum
1253 2541 1272 2583 a
1301 2521 1435 2607 parisini
1467 2519 1597 2583 librario
1632 2520 1890 2583 conimissorum:
1928 2520 2009 2582 addo

207 2644 345 2708 alterum
368 2641 455 2724 :rapt
486 2645 639 2727 seriptum
673 2644 712 2708 ab
745 2646 856 2710 eedem
891 2647 996 2709 nescio
1025 2666 1088 2729 qno
1117 2646 1238 2729 impetu
1270 2646 1436 2709 vecordiae
1460 2665 1489 2709 v.
1515 2646 1589 2726 213,
1622 2642 1678 2706 ubi
1712 2647 1796 2706 recte
1823 2640 1923 2727 napae
1947 2664 2010 2707 raon

208 2768 312 2832 solum
338 2769 506 2833 vaticanus
530 2790 640 2833 verum
667 2772 735 2856 ipse
758 2772 920 2856 parisinus
944 2773 976 2833 in
1000 2771 1166 2835 iteratione
1190 2790 1218 2832 v.
1248 2770 1340 2834 1071.

315 2892 412 2957 verbo
436 2895 616 2958 monendus
650 2901 698 2960 est
731 2897 830 2960 lector
864 2915 904 2959 no
939 2915 1027 2959 niano
1050 2896 1178 2978 quidem
1204 2895 1406 2978 acquiescere
1430 2893 1534 2956 larvas
1570 2893 1650 2973 illas,
1685 2892 1804 2975 quibus
1836 2894 2010 2977 imaginem

206 3018 325 3083 codicis
349 3020 457 3102 optimi
484 3019 606 3084 turbari
629 3022 703 3087 olim
728 3020 939 3086 ostenderam.
987 3042 1060 3084 narn
1093 3022 1190 3085 etiam
1224 3021 1257 3082 in
1293 3023 1443 3102 postuma
1469 3016 1601 3100 Bergkii
1636 3016 1776 3081 editione
1810 3018 1891 3082 falsa
1925 3019 2009 3081 lraud

205 3163 309 3227 pauca
331 3144 370 3207 de
394 3163 431 3209 eo
455 3147 637 3210 testimonia
660 3165 863 3232 proserpsere
885 3148 998 3229 partim
1025 3166 1110 3209 nova
1133 3146 1240 3209 nescio
1256 3144 1343 3207 unde
1363 3142 1478 3225 partim
1496 3146 1612 3223 vetera,
1630 3162 1712 3225 quae
1730 3143 1871 3205 recidero
1886 3149 2011 3226 poterat

133 3322 140 3333 .
206 3270 258 3331 cui
283 3269 425 3334 codicem
449 3270 555 3335 derruo
577 3271 770 3354 inspiciendi
793 3270 928 3335 facultas
952 3270 1021 3334 fnit.
1069 3290 1152 3354 quae
1184 3289 1224 3333 ne
1257 3267 1423 3331 communi
1457 3270 1531 3331 usui
1563 3267 1682 3331 sensim
1715 3266 1882 3329 insinuent
1912 3286 2009 3349 (qnam

206 3395 347 3457 maxime
372 3413 492 3459 vereor.
538 3398 686 3480 exempla
711 3396 890 3460 adscribam
915 3396 979 3460 duo
1003 3395 1043 3459 ab
1067 3397 1137 3479 ipso
1161 3395 1273 3457 limine
1296 3393 1400 3476 operis
1424 3390 1559 3456 sublata.
1590 3409 1686 3455 versu
1709 3392 1808 3475 igitur
1824 3392 1866 3453 29
1882 3386 2010 3454 rre'avao

206 3519 378 3601 scripserat
400 3519 503 3583 editor
525 3526 637 3585 contra
659 3520 805 3585 codicum
829 3523 1062 3604 auctoritatem,
1097 3539 1178 3604 ques
1202 3536 1313 3582 omnes
1336 3516 1474 3581 Bekheri
1497 3516 1661 3582 silentium
1686 3512 1835 3580 πέπνυσο
1858 3514 2010 3579 exhibere

206 3642 398 3707 testabatur:
416 3649 448 3707 at
461 3643 569 3707 ‘nunc'
585 3646 692 3729 inquit
705 3644 915 3729 ‘compertum
932 3647 1029 3710 estin
1049 3647 1152 3731 Alegi
1176 3670 1285 3711 aaran>
1300 3650 1313 3723 ll
1330 3669 1369 3711 uo
1392 3648 1497 3710 littera
1520 3662 1621 3723 erasa,
1643 3641 1731 3725 (prod
1753 3641 2009 3704 emendationem

205 3768 300 3852 plane
324 3769 525 3853 comprobat'.
555 3771 654 3834 immo
671 3791 692 3834 σ
707 3790 777 3835 esse
792 3789 915 3835 erasnm
935 3771 1110 3835 clarissime
1126 3774 1347 3856 agnoscimus:
1373 3771 1450 3855 qnid
1468 3773 1576 3833 autom
1592 3765 1861 3849 comprobationis
1877 3767 2010 3849 antiqua

207 3892 284 3957 haec
319 3895 471 3957 nimirum
506 3896 578 3959 cius
612 3897 668 3980 qui
703 3896 804 3959 latina
837 3897 1120 3979 interpretamenta
1154 3898 1281 3981 scripsit
1315 3896 1495 3961 emendatio
1530 3892 1723 3977 berglrianae
1746 3890 1851 3969 addat,
1887 3893 2008 3975 ignoro.

206 4037 303 4083 versu
327 4020 369 4082 68
393 4021 526 4083 iteratur
548 4022 765 4085 testimonium
790 4020 934 4085 eiusdem
958 4019 1095 4085 Beklreri
1119 4023 1196 4085 item
1219 4022 1346 4087 silentio
1371 4019 1473 4084 fallaci
1497 4037 1674 4103 procusum
1710 4018 1744 4080 in
1779 4016 1869 4079 libris
1905 4006 2009 4092 σωζό-

205 4166 297 4226 μενοι
321 4150 438 4223 extnre,
463 4145 666 4209 induentem
691 4141 868 4232 σῳξόμενυι
892 4146 1098 4210 efficiendum
1121 4166 1191 4211 esse
1214 4153 1250 4212 ut
1273 4168 1302 4211 v.
1330 4147 1394 4209 235
1418 4138 1632 4230 σῳξομὲνοισι
1656 4143 1847 4223 ascriptura
1862 4137 2008 4200 codicum

207 4265 433 4352 σωζομένοισι.
480 4275 512 4333 at
544 4271 649 4354 priore
681 4271 752 4334 loco
783 4271 946 4353 parisinus
981 4270 1076 4334 habet
1110 4274 1250 4335 veterem
1276 4269 1531 4355 orthographiam
1555 4263 1758 4347 σωιζόμενοι,
1795 4282 1892 4345 qnam
1925 4261 2009 4322 clare

207 4396 414 4475 agnoscimus
438 4395 587 4478 quamvis
610 4395 772 4459 inminuto
800 4414 939 4479 superne
964 4420 976 4459 ι
1000 4396 1165 4459 elemento.
1214 4396 1310 4459 audio
1335 4397 1392 4479 qui
1427 4392 1677 4477 quisquiliarum
1712 4392 1898 4451 sectatorem
1934 4403 2009 4447 con-

209 4525 400 4600 querantur:
425 4538 484 4604 ege
508 4519 657 4603 equidem
680 4518 799 4582 curabo
825 4524 861 4582 ut
883 4520 1026 4583 veritatis
1055 4519 1137 4582 illud
1173 4520 1200 4582 si
1223 4520 1270 4585 fas
1307 4528 1355 4585 est
1389 4521 1495 4583 dicere
1529 4514 1698 4599 speculum
1734 4532 1799 4575 nen
1832 4510 2011 4574 infuscatur

208 4646 321 4708 naevis
344 4647 577 4710 neotericorum
602 4644 747 4707 socordia
769 4645 924 4708 excitatis.

367 4770 399 4832 ll
431 4770 622 4834 Iteratorum
657 4787 810 4833 versuum
846 4787 927 4851 quae
960 4770 1001 4832 sit
1034 4768 1145 4831 critica
1179 4770 1260 4831 ratio
1297 4788 1336 4831 ne
1367 4768 1497 4849 Bergkii
1533 4763 1664 4848 quidem
1699 4767 1849 4845 postuma
1881 4756 2011 4836 sacoma·

209 4894 369 4978 patefecit:
394 4896 534 4960 sensisse
559 4894 636 4978 quid
660 4895 705 4958 rei
730 4894 771 4957 sit
795 4892 989 4977 Cruegernm
1015 4913 1123 4957 meum
1149 4914 1248 4978 supra
1271 4898 1404 4958 testatus
1427 4913 1510 4958 snm.
1539 4910 1599 4954 nec
1623 4887 1734 4953 dubito
1759 4889 1837 4971 quin
1863 4889 2008 4949 nostrum

208 5018 379 5085 consilium
414 5019 651 5106 comprobaturi
683 5020 749 5089 sint
776 5019 805 5083 si
828 5020 885 5107 qui
908 5019 1010 5084 libere
1032 5038 1053 5082 a
1075 5019 1239 5084 tralatieiis
1262 5019 1359 5100 nugis
1393 5018 1499 5080 animo
1524 5014 1780 5080 examinaverint
1814 5029 1894 5095 quas
1925 5006 2010 5070 infra
