4374 5528
1098 335 1118 397 6

364 548 427 609 543
451 549 496 611 A:
521 542 580 636 χρή
601 570 642 629 με
667 541 758 632 παρὰ
782 541 938 635 στάθμην
960 548 1016 613 καὶ
1040 543 1189 635 γνώμονα
1212 549 1308 639 ‘trudo
1330 548 1407 635 (sio)
1432 544 1588 614 δικάσσαι

440 672 499 736 lu:
1032 669 1162 762 γνώμην

205 802 279 860 nota
304 798 494 861 diortliotmu
519 795 670 859 audacter
693 794 886 859 vocabulum
910 797 970 860 sibi
995 799 1141 882 ignotum
1165 799 1408 863 adulterantem.

362 924 427 983 663
450 942 474 985 e.
500 921 544 981 A:
570 910 661 1003 αἶιμα
682 914 759 1000 μάλ’
782 915 959 1010 επλοιίιησε
982 924 1059 1006 (sle)
1082 914 1118 1000 ὃς
1140 921 1273 1007 (omisso
1296 920 1364 1004 καὶ)
1388 918 1541 987 πέπαται
1568 922 1641 1009 (tuit
1664 918 1850 1003 πέπασιαι)

576 1037 732 1132 ἐξαπίνης
755 1046 900 1111 απστοῦν
922 1048 993 1133 (sie)
1017 1046 1117 1112 αλεσε
1139 1047 1217 1134 (sle)
1241 1044 1331 1113 νυκτὶ
1354 1050 1431 1135 μιηῖ

507 1166 548 1230 Β;
579 1216 1384 1239 ...................
1412 1142 1600 1257 treugae-cm
1627 1170 1674 1260 (l)

577 1288 733 1383 ἐξαπίνης
756 1291 867 1361 πάντα
892 1285 991 1361 editoe
1015 1294 1102 1362 νυκτὶ
1126 1298 1190 1385 μιᾷ

516 1436 547 1479 z:
572 1410 728 1506 ἔξαιίνης
752 1415 849 1484 πάνι·’
874 1410 928 1485 οὖν
952 1412 1051 1485 ώλεσε
1074 1447 1099 1487 ν.
1125 1446 1161 1503 μ.

205 1543 244 1605 de
269 1540 368 1604 dubia
392 1540 417 1601 B
441 1540 577 1605 leetione
601 1545 734 1605 extremi
759 1564 788 1608 v.
808 1544 871 1607 663
895 1566 926 1609 v.
945 1545 1054 1608 Herm.
1079 1545 1160 1607 XVI
1183 1565 1211 1627 p.
1229 1543 1294 1605 nos
1311 1565 1335 1609 s.
1360 1565 1472 1608 verum
1495 1544 1629 1607 fortasse
1655 1545 1778 1609 invenit
1801 1547 2009 1614 llermanuus

205 1664 374 1728 scribendo
399 1655 468 1729 ἶν’,ισ
495 1663 520 1727 ι’
545 1654 611 1729 oda:
636 1668 835 1751 interpolatio
859 1668 1014 1732 librorum
1039 1669 1084 1731 Ba
1109 1670 1275 1731 manifesta
1300 1676 1357 1732 est.

366 1790 424 1852 ‘Ill
452 1791 497 1853 A:
656 1788 759 1856 πάλιν
782 1781 883 1881 ἤλυθε
909 1788 1053 1879 Σίσνασς
1075 1786 1160 1880 ’ἥρως

452 1915 492 1979 li:
651 1911 754 1979 πάλιν
776 1905 859 2003 ip'la‘le
883 1913 1026 2005 Σίσυφος
1048 1916 1076 2002 μ’
1100 1910 1185 2002 iprae

461 2060 492 2102 z:
651 2037 796 2132 Er'orqoe
818 2037 922 2108 πάλιν
944 2032 1064 2131 ἤλυθεν
1086 2036 1171 2132 ἥρως

204 2167 279 2227 nota
303 2165 492 2228 diortliotam
516 2164 543 2226 B
568 2165 746 2229 liomerieae
769 2168 890 2230 formae
914 2168 1071 2249 ignarum.
1118 2185 1136 2228 a
1160 2185 1225 2247 quo
1250 2184 1312 2227 non
1344 2164 1484 2246 pendent
1508 2164 1578 2228 libri
1603 2165 1804 2228 recentiores.

363 2290 426 2351 870
453 2291 495 2352 A:
527 2336 623 2353 .....
655 2281 846 2375 ἀνθρώπιον
870 2289 968 2373 δεῖμα
990 2285 1211 2376 χαμαιγενέων

451 2414 510 2476 Bz:
990 2411 1213 2501 παλαιγενέων
1287 2399 1291 2405 ’
1344 2400 1347 2405 ’
1398 2398 1403 2406 ’

203 2542 312 2599 uotum
338 2542 385 2599 est
410 2543 546 2620 utroque
579 2538 717 2619 epitheto
752 2538 896 2603 hemines
927 2540 1034 2603 ornari
1059 2540 1091 2601 in
1115 2518 1245 2623 hymnis
1269 2539 1451 2601 liauierieis:
1488 2518 1617 2621 apparet
1641 2519 1829 2603 diortliotam
1855 2537 2007 2600 audaeter

203 2661 374 2724 sustulisse
399 2662 478 2725 illud
505 2663 621 2745 quippe
646 2665 753 2727 miuus
778 2663 915 2746 volgare.
964 2665 1000 2726 et'.
1026 2684 1054 2725 v.
1082 2664 1151 2727 175.

362 2786 427 2848 894
452 2787 494 2849 A:
521 2780 565 2863 d,-
588 2782 628 2876 δὴ
651 2784 834 2875 κιιμελίζων
856 2788 935 2865 Zeia
958 2779 1079 2851 ὀλέσειε
1102 2785 1190 2874 γένος

449 2911 511 2974 Ba:
538 2903 582 2988 ὡς
603 2908 797 2998 merentium

203 3036 293 3099 rides
332 3035 522 3099 diortlrotam
560 3037 711 3100 aarrdaeter
752 3038 930 3120 prosodiam
967 3039 1163 3100 instaurasse
1201 3038 1246 3099 rei
1284 3036 1526 3118 sententiaeque
1560 3037 1718 3119 ignarum.
1774 3037 1900 3101 literula
1943 3058 2005 3100 rina

201 3165 324 3223 mutata
351 3158 547 3247 liixqelada'm
570 3160 776 3225 seribemlum
801 3181 871 3225 esse
894 3163 1057 3245 perspexit
1079 3161 1298 3225 Hermamurs

362 3286 424 3347 662
450 3286 493 3346 Α;
519 3282 626 3362 οὐδεὶς
649 3285 669 3349 d
691 3278 883 3371 ἀνθρώπων
905 3280 1019 3357 (alolde
1042 3279 1177 3349 ἅπαντα
1200 3280 1303 3373 σαι-ὂς

449 3408 509 3471 Bu:
907 3402 1003 3487 αι’νιῑὸς
1025 3402 1159 3474 ἅπαντα

201 3536 306 3614 spreta
331 3534 443 3595 merito
467 3534 710 3617 interpolatione
734 3535 857 3597 insulsa
880 3534 1059 3598 llleiuoltius
1083 3535 1220 3597 eouioeit
1241 3529 1307 3597 tiro
1330 3527 1373 3611 ὅς.
1399 3554 1438 3596 an
1465 3529 1512 3610 εἷς
1535 3528 1616 3597 τόσα
1639 3527 1774 3596 ardere?

364 3657 447 3719 1053
471 3659 516 3720 A:
540 3662 607 3723 -ιών
629 3654 689 3744 γὰρ
711 3656 916 3742 μαινομένων
939 3656 1072 3722 πέτεται
1098 3653 1205 3742 θυμός
1227 3681 1262 3722 ἰε
1285 3655 1356 3736 rods
1379 3681 1413 3722 σε

472 3782 532 3845 Bz:
716 3781 929 3869 μαρναμένων
951 3779 1091 3865 μάχειαι

203 3911 278 3969 noto
307 3908 524 3970 eouieeturam
555 3908 760 3990 inpudentem
789 3908 929 3971 hominis
958 3908 1046 3971 seioli
1077 3909 1134 3990 qui
1164 3909 1387 3991 proprietatem
1419 3906 1646 3971 voeabtdorum
1676 3908 1771 3991 plane
1799 3905 2002 3990 ignoraverit.

359 4035 406 4093 sat
430 4037 515 4095 eoru
547 4033 799 4114 interpolationis
823 4032 1014 4095 doeumenta
1038 4052 1089 4095 me
1113 4037 1189 4115 puto
1213 4054 1230 4095 e
1253 4033 1398 4095 oodieum
1424 4031 1468 4093 lla
1494 4033 1647 4095 memmio
1675 4033 1848 4096 rettulisse.
1895 4032 2005 4089 eontra

204 4174 260 4237 per
283 4160 384 4218 totum
409 4155 623 4239 'l'lieognidem
657 4157 777 4220 frustra
806 4157 967 4239 anquisiri
1001 4158 1211 4220 sinceriorum
1243 4159 1276 4218 in
1301 4158 1350 4219 liis
1374 4173 1468 4238 qumn
1504 4177 1583 4241 quas
1616 4159 1777 4241 parisinus
1805 4153 1904 4216 codex
1928 4171 2003 4233 sup-

201 4280 322 4361 peditat
343 4279 517 4343 leetionum
542 4281 698 4363 exempla,
722 4283 749 4344 si
773 4281 937 4363 exceperis
961 4279 1010 4342 bis
1034 4286 1122 4344 terve
1137 4288 1288 4345 ’servatas
1311 4282 1343 4343 in
1360 4282 1418 4345 nis
1442 4283 1674 4346 vocabulorum·
1696 4279 1814 4341 forinas
1837 4277 2004 4360 germinas,

200 4403 300 4467 veluti
324 4404 431 4468 εἵνεκα
454 4406 609 4487 seriptum
633 4425 661 4466 v.
687 4405 728 4466 62
753 4407 785 4467 iu
809 4405 847 4486 B,
882 4404 936 4467 ubi
960 4397 1072 4468 alienu
1095 4407 1265 4488 parisinus,
1297 4402 1389 4471 ἕνεκα
1412 4411 1517 4489 ceteri,
1550 4428 1579 4470 v.
1606 4404 1669 4465 366
1694 4393 1765 4468 oilie
1793 4403 1945 4484 seriptum
1970 4401 2002 4463 iu

199 4528 309 4591 eodem
346 4530 408 4611 illo,
442 4519 512 4593 eius
544 4535 706 4593 servatum
739 4532 772 4592 in
797 4531 940 4612 reliquis,
971 4528 1022 4592 rel
1053 4525 1194 4615 γίγνεται
1233 4532 1387 4615 seriptum
1419 4532 1612 4614 aliquotiens
1643 4528 1728 4591 inB
1763 4526 1818 4589 ubi
1842 4526 2003 4609 parisinus

200 4646 333 4736 γίνεται,
366 4673 564 4738 quamquam
588 4654 726 4718 iuvieem
750 4676 778 4718 v.
806 4655 867 4717 162
891 4650 1033 4740 γίγνεται
1070 4653 1205 4719 debetur
1231 4658 1382 4738 parisino,
1412 4650 1536 4740 γίνεται
1568 4654 1665 4718 habet
1696 4654 1871 4716 vaticanus.
1918 4651 2002 4735 ‹ltrod

198 4794 304 4858 genus
327 4797 451 4842 errores
474 4781 543 4843 sive
566 4779 728 4842 commissi
752 4781 821 4842 sive
845 4780 952 4842 evitati
977 4798 1075 4862 quam
1100 4797 1164 4841 non
1189 4781 1367 4861 pertineant
1399 4781 1439 4844 ad
1463 4777 1687 4844 constituenda
1714 4776 1880 4840 eodieibus
1903 4776 2001 4860 pretia

199 4921 259 4964 sua
281 4902 368 4985 piget
391 4904 542 4988 pluribus
565 4904 722 4987 persequi.
769 4903 889 4967 dixeris
913 4924 931 4967 a
955 4902 1036 4966 libro
1060 4904 1209 4985 parisino,
1233 4907 1287 4988 qui
1313 4906 1451 4987 scriptus
1475 4909 1524 4966 est
1542 4902 1673 4966 saeculo
1690 4902 1823 4983 decimu,
1846 4899 2001 4981 originem

199 5024 318 5091 ducere
349 5031 414 5090 tam
443 5029 628 5114 vafieaoum
664 5047 762 5111 quam
797 5031 920 5090 eeteros
950 5044 1077 5091 omnes:
1110 5046 1222 5092 reram
1256 5048 1323 5092 reru
1356 5028 1449 5090 aliter
1480 5044 1515 5089 se
1547 5024 1664 5090 habere
1696 5030 1820 5110 praeter
1853 5022 2003 5103 ambages
