4374 5528
358 2016 515 2135 Acerba
538 2070 644 2133 hercle
665 2069 730 2133 fato
754 2067 893 2133 Oscarns
917 2065 1057 2150 Ornoger
1079 2086 1183 2150 nuper
1215 2067 1265 2129 his
1296 2064 1414 2129 litteris
1443 2073 1572 2151 ereptus
1604 2072 1661 2146 est,
1697 2088 1791 2151 quem
1827 2089 1900 2155 spes
1935 2079 2003 2137 erat

198 2194 404 2278 theognideae
427 2194 547 2257 criseas
564 2213 645 2278 opus
664 2193 908 2278 proiligaturuur
933 2209 1011 2255 esse.
1057 2208 1172 2274 nempe
1195 2190 1323 2273 egregio
1346 2191 1374 2253 is
1396 2186 1546 2255 acumine
1560 2198 1767 2276 perspexerat
1790 2194 1892 2258 solido
1915 2196 2003 2279 quod

198 2318 307 2400 optimi
331 2318 449 2381 codicis
473 2319 640 2402 seripturis
664 2324 884 2383 constructum
911 2319 959 2379 est
973 2304 1183 2379 fundamento
1206 2316 1301 2398 eique
1324 2314 1384 2379 soli
1400 2313 1536 2379 firmiter
1550 2316 1765 2380 insistendum
1790 2336 1873 2383 esse:
1899 2338 2005 2403 neque

197 2461 271 2504 vero
295 2442 464 2525 ignorabat
491 2443 575 2506 idem
605 2462 674 2505 erun
702 2443 857 2505 rationem
887 2458 971 2523 quae
998 2439 1082 2503 inter
1109 2440 1295 2502 iteratorum
1325 2458 1477 2503 versuum
1508 2440 1820 2524 archetyporumque
1850 2443 2002 2508 lectiones

196 2566 374 2631 intercedit.
421 2567 477 2629 sed
501 2573 671 2651 postquam
706 2585 794 2649 spem
831 2565 917 2628 illam
942 2565 1170 2646 fortunamque
1205 2568 1330 2647 praeter
1363 2565 1617 2647 expectationem
1653 2566 1756 2647 amisi,
1792 2568 1842 2632 vel
1878 2569 2001 2633 invitus

197 2679 351 2754 omissum
376 2711 458 2774 opus
480 2692 560 2754 meis
583 2711 642 2775 ego
666 2689 817 2753 munibus
840 2689 946 2752 denuo
970 2687 1086 2751 sustuli
1112 2692 1143 2750 et
1166 2688 1208 2749 ita
1232 2687 1363 2768 quidem
1387 2689 1515 2770 sustuli,
1550 2695 1587 2752 ut
1621 2709 1717 2773 cyrrum
1746 2693 1850 2773 operis
1879 2697 2001 2777 partem
2082 2769 2085 2775 g

196 2835 215 2878 a
238 2812 400 2899 plerisque
423 2818 536 2899 iniquo
559 2816 693 2881 consilio
716 2834 805 2877 nune
828 2812 893 2876 lere
915 2813 1073 2876 contemni
1099 2811 1250 2893 viderem,
1273 2810 1437 2876 historiam
1461 2815 1601 2877 criticam
1626 2814 1768 2899 syllegae
1792 2816 2001 2899 theognideae

195 2940 266 3002 eius
292 2959 389 3021 qumn
422 2946 580 3018 tenemus,
616 2960 685 3003 eam
711 2958 807 3022 quam
832 2937 1049 3000 curiosissime
1083 2954 1210 3020 possem
1244 2937 1473 3019 pertexendam
1509 2938 1587 3002 mihi
1623 2958 1795 3005 sumerem.
1819 2977 1862 2987 -
1901 2942 2000 3024 signi·

201 3061 370 3128 oraveram
395 3064 533 3129 Hermae
556 3065 596 3128 ab
619 3063 794 3128 Huebnero
818 3063 892 3125 editi
917 3062 1012 3124 tomis
1036 3060 1099 3123 XV
1124 3082 1151 3144 p.
1178 3062 1241 3122 524
1266 3080 1305 3122 ss.
1331 3066 1363 3124 et
1378 3060 1460 3125 XVI
1476 3083 1505 3147 p.
1527 3061 1590 3125 506
1614 3084 1655 3129 ss.
1686 3084 1752 3147 qno
1779 3063 1908 3127 tandem
1939 3065 2000 3129 hoc

198 3188 370 3269 quaerendi
396 3208 515 3272 genere
539 3188 739 3253 evadendum
764 3207 817 3252 ese
841 3176 1072 3250 existimarem:
1098 3204 1187 3248 nunc
1210 3184 1365 3267 (praedam
1391 3187 1489 3269 selegi
1513 3207 1658 3251 summae
1681 3190 1727 3251 rei
1751 3190 1864 3272 capita,
1881 3189 1999 3272 qrribns

196 3315 393 3394 pertractatis
417 3312 658 3397 aliquantulum
683 3333 733 3376 me
757 3314 795 3376 ad
819 3313 1005 3376 institutum
1029 3311 1152 3374 exitum
1177 3330 1423 3394 progressurum
1447 3330 1517 3375 esse
1542 3312 1673 3375 conlido.

355 3437 369 3500 l
403 3437 525 3521 Incipio
550 3459 568 3501 a
591 3437 664 3501 libri
687 3438 819 3521 parisini
843 3436 917 3500 latis
940 3441 1036 3519 atque
1060 3435 1165 3498 indole
1188 3434 1327 3498 breviter
1351 3435 1590 3501 adumbrandis.
1636 3438 1661 3499 is
1686 3438 1784 3520 igitur
1808 3436 1889 3501 liber
1912 3439 2000 3503 unde

197 3560 337 3624 Parisios
361 3562 484 3625 adlatus
508 3564 556 3646 sit,
584 3563 623 3626 de
643 3583 681 3626 ea
704 3581 738 3626 re
762 3551 892 3644 prorsus
921 3560 1155 3644 desperandum
1191 3578 1262 3623 esse
1296 3580 1385 3623 nunc
1419 3561 1495 3623 mihi
1532 3566 1663 3623 etrustut.
1711 3581 1785 3624 narn
1823 3582 1894 3625 eum
1925 3570 1999 3626 ante

198 3684 254 3747 hos
277 3706 377 3749 arianos
397 3692 548 3769 ‹punttuor
572 3687 739 3751 Altredum
765 3686 917 3768 Schoene,
941 3686 996 3768 qui
1020 3689 1088 3747 tum
1116 3684 1247 3749 Parisiis
1271 3683 1415 3768 degebat,
1441 3686 1589 3768 precibus
1613 3686 1762 3768 adissem,
1792 3691 1827 3750 ut
1850 3688 1928 3771 qirid
1951 3689 1998 3752 rei

196 3815 280 3873 esset
302 3810 485 3893 ‹paruerendo
500 3811 543 3874 ibi
561 3811 803 3895 adsequeretur,
826 3830 903 3874 mox
926 3809 1057 3873 edoctus
1081 3829 1152 3873 sum
1176 3810 1209 3870 in
1234 3809 1341 3871 arehio
1365 3807 1585 3889 bybliothecae
1609 3812 1696 3875 illius
1719 3810 1865 3896 publicae
1889 3817 1999 3877 extare

195 3933 384 3997 fasciculum
409 3934 609 4018 schedarum,
632 3936 752 4019 quibus
776 3937 960 3999 nominant
983 3935 1071 4017 origo
1099 3932 1246 3997 codicum
1272 3951 1381 3996 eorum
1406 3934 1655 4017 continerentur,
1690 3937 1745 4018 qui
1770 3934 1853 3999 ‘vers
1876 3934 1939 3999 l’an
1957 3936 1999 3998 V'

195 4077 235 4119 ex
271 4060 446 4122 rrrritiuensi
480 4060 614 4143 aliisque
647 4059 859 4141 bybliothecis
893 4060 1056 4142 cisalpinis
1081 4057 1221 4121 Parisios
1244 4058 1393 4141 asportati
1418 4064 1534 4139 essent,
1570 4078 1681 4122 verum
1706 4060 1877 4123 desiderari
1902 4061 1934 4121 in
1959 4079 1998 4125 eo

195 4191 257 4244 tum
282 4181 476 4266 Theognidis
500 4186 600 4247 nostri
635 4184 760 4268 (Suppl.
786 4185 865 4268 338)
897 4204 993 4268 quarn
1017 4182 1213 4265 Thucydidis
1237 4181 1361 4269 (Suppl.
1386 4178 1465 4267 255)
1489 4183 1689 4266 aliorumque
1712 4184 1878 4268 librorum,
1912 4204 1996 4267 (paros

193 4322 230 4366 eo
254 4309 396 4388 temporo
428 4327 469 4371 ex
504 4308 598 4372 Italia
620 4308 734 4372 allatos
755 4328 826 4373 esse
849 4309 913 4372 iam
956 4307 1086 4384 terebat,
1121 4308 1317 4370 memorium.
1369 4308 1456 4370 unde
1490 4306 1540 4369 vel
1576 4327 1653 4371 casu
1688 4328 1758 4372 eam
1793 4311 1912 4394 perisso
1944 4310 2009 4374 vel·

195 4430 368 4494 extinctam
403 4451 472 4496 esse
507 4434 642 4497 consilio
675 4438 744 4496 turn
780 4435 929 4514 unanime,
963 4453 1036 4495 eum
1073 4431 1285 4496 Vindobonae
1325 4432 1364 4495 de
1398 4432 1604 4514 reciperando
1643 4432 1758 4516 praeda
1787 4434 1996 4516 napoleoniea

196 4558 350 4636 ageretur,
373 4556 497 4639 liquido
520 4563 658 4641 apparet.
707 4557 826 4621 trustra
848 4561 954 4621 autem
983 4557 1030 4620 fui
1053 4556 1231 4621 Florentiae
1266 4576 1323 4640 per
1345 4557 1521 4619 amicorum
1557 4576 1684 4641 operam
1719 4558 1918 4639 exquirendo
1952 4579 1995 4623 an

195 4674 275 4738 forte
297 4696 315 4741 a
337 4677 614 4761 bybliothecarum
637 4700 757 4765 earum,
781 4700 863 4764 quae
886 4701 988 4766 nuper
1011 4701 1048 4745 eo
1071 4682 1246 4745 translatae
1269 4687 1353 4763 sunt,
1380 4681 1533 4764 catalogis
1555 4683 1637 4765 rapti
1672 4700 1711 4743 ex
1747 4681 1855 4765 aliqua
1884 4700 1993 4746 earnm

194 4800 312 4864 codicis
346 4802 443 4868 huius
478 4807 590 4870 notitia
624 4807 797 4870 emerserit.
845 4807 983 4889 scriptus
1017 4811 1066 4879 est
1100 4808 1227 4871 saeculo
1264 4808 1385 4869 decimo
1409 4806 1511 4869 codex
1546 4806 1616 4868 sine
1640 4804 1737 4868 dubio
1771 4806 1805 4868 in
1841 4805 1994 4869 coenobio

193 4925 300 5008 aliquo
322 4946 436 5009 gracco
459 4935 491 4993 et
515 4930 645 5014 quidem
670 4950 801 5015 prorsus
825 4932 935 4993 cadem
960 4932 1136 4994 litteratura
1160 4952 1224 5013 qua
1247 4930 1384 5014 exempli
1410 4949 1506 4993 caiisa
1525 4928 1708 4992 clarkianus
1724 4928 1867 4994 Platonis
1891 4930 1995 4992 codex

192 5056 346 5115 exaratus
370 5055 425 5114 est
470 5053 658 5136 ignoramus
681 5060 788 5119 antem
813 5073 878 5137 quo
900 5059 1043 5138 tempora
1065 5057 1100 5118 in
1116 5055 1241 5121 ltaliam
1265 5055 1381 5120 allatus
1405 5056 1456 5119 sit.
1502 5052 1587 5136 quod
1605 5050 1679 5116 lieet
1694 5054 1857 5136 suspicere
1872 5055 1995 5118 factuam
