4374 5528
998 176 1196 236 ..4-

318 368 375 434 IV.
419 367 472 432 Er
494 368 657 433 literarum
679 368 819 451 vestigiis
848 386 929 451 quae
957 372 1140 453 comparent
1165 387 1194 431 ν.
1215 369 1279 432 288
1307 370 1343 432 in
1370 368 1438 432 cod.
1457 370 1501 432 A:
1535 393 1580 447 ως
1601 369 1638 434 de
1659 390 1804 436 τοσωσαι
1827 368 1857 434 εἰ
1880 367 2002 435 πολλοὶ

184 474 254 542 κτλ.
278 477 360 540 hanc
383 495 533 541 versuum
557 475 620 539 287
637 493 700 557 seq.
724 475 897 558 genuinam
918 474 1053 538 formam
1076 493 1144 538 esse
1167 476 1310 539 conicere
1333 476 1419 539 licet:

685 594 718 660 ἑν
740 593 800 683 γάρ
823 619 876 661 τοι
898 596 996 662 πόλει
1020 591 1084 662 ὧδε
1106 597 1286 684 καιοψόγφ
1309 596 1439 663 ἁνδάνει
1462 594 1568 662 οὐδέν·

738 702 943 768 νώσασθαι
966 701 1008 768 δὲ
1030 702 1145 769 κακοὶ
1167 703 1300 790 πολλῷ
1323 702 1537 790 ἀνολβότεροι.

184 835 220 895 Ν
222 829 405 895 ώσοσθαι
429 830 624 913 corruptelae
645 829 710 893 iam
728 829 886 914 Bergkius
909 829 1017 894 eliouIt
1039 832 1221 914 ceteroquin
1244 831 1321 894 alias
1340 832 1519 916 corrigendi
1536 833 1604 894 rias
1626 832 1800 915 ingressus:
1825 835 2004 917 suspicatur

183 941 283 1004 enim:
318 935 364 1014 ὡς
386 933 443 1000 ἑτὰ
467 933 639 999 νώσασθαι
663 941 695 1000 et
717 933 761 1013 ὡς
784 934 930 999 νώσασθ’
954 930 1031 1000 αἰεί.

318 1079 358 1144 V.
403 1078 443 1143 V.
458 1080 523 1142 419
537 1098 601 1162 seq.
625 1079 703 1144 haec
725 1084 772 1144 est
801 1085 967 1144 contextus
989 1081 1083 1162 ratio,
1110 1085 1146 1144 ut
1168 1099 1226 1164 pro
1253 1076 1363 1143 πολλά
1385 1100 1427 1162 με
1449 1076 1506 1144 καὶ
1529 1081 1726 1165 negationem
1750 1082 1855 1164 potius
1879 1082 2003 1146 deside-

184 1190 311 1252 raveris
357 1184 542 1270 legendum
566 1187 664 1271 igitur
685 1185 824 1250 videtur:

683 1307 780 1374 πόλλ’
803 1304 908 1394 ἔμεγ’
932 1307 973 1375 οὐ
997 1306 1144 1374 συνιέντα
1166 1307 1379 1397 παρέρχεται,
1404 1307 1474 1374 ἀλλ’
1498 1309 1557 1374 ὑπ’
1581 1307 1722 1398 ἀνόγιης

738 1424 829 1500 σιγῶ,
852 1416 1021 1501 γινώσκων
1043 1413 1199 1505 ἡμετέρην
1221 1416 1363 1499 δύναμιν.

183 1542 345 1606 Nimirum
368 1561 498 1606 suarum
520 1543 638 1605 virium
661 1540 842 1605 infirmitate
865 1560 899 1604 se
922 1560 958 1605 eo
986 1542 1060 1605 duci
1082 1547 1174 1626 poeta
1202 1543 1360 1625 coneedit,
1388 1549 1436 1624 ut,
1464 1543 1537 1607 licet
1564 1543 1695 1606 meliora
1721 1542 1896 1626 intellegat,
1927 1561 2000 1624 prae

183 1651 297 1713 timore
320 1648 459 1732 quodam
482 1649 669 1712 sententiam
692 1666 784 1711 suam
800 1643 928 1732 'aperire
950 1667 1016 1711 non
1038 1648 1160 1712 audeat
1207 1647 1386 1713 Collocatur
1412 1654 1518 1713 autem
1545 1651 1670 1733 negatio
1699 1651 1747 1712 uti
1775 1648 1859 1732 apud
1882 1646 2002 1731 Sopho-

184 1756 265 1819 clem
288 1757 323 1818 in
347 1754 422 1819 Oed.
439 1761 498 1836 tyr.
521 1755 663 1818 v.1391:
688 1748 721 1816 τί
742 1753 777 1835 μ’
801 1750 839 1818 οὐ
861 1752 969 1835 λαβὼν
992 1748 1151 1832 ἔκτειναςς

319 1897 373 1960 VI.
419 1896 529 1961 Edidit
551 1896 680 1980 quidem
703 1916 732 1958 v.
742 1898 808 1961 428
831 1897 1001 1981 Berglrius:

683 2017 740 2084 καὶ
762 2022 899 2085 κεῖσθαι
923 2020 1048 2108 πολλὴν
1069 2032 1127 2109 γῆν
1150 2018 1416 2110 ἒπαμησάμενονε

183 2147 238 2211 sed
268 2154 351 2211 recte
373 2166 454 2210 num
476 2145 611 2210 ediderit
632 2149 699 2230 ipsa
723 2146 859 2210 dubitat:
892 2147 1068 2212 insolenter
1090 2149 1175 2211 enim
1197 2147 1322 2211 dictum
1346 2165 1413 2210 esse
1437 2157 1493 2232 μην
1516 2141 1781 2233 ἑπαμηοάμενονε
1814 2167 1895 2209 nam
1918 2145 2002 2209 alios

183 2254 221 2318 dc
244 2244 404 2338 rotnace,
428 2253 488 2337 qai
508 2258 679 2316 mortuum
701 2253 873 2337 sepeliant,
897 2253 963 2317 dici
984 2255 1082 2318 solere
1105 2249 1259 2334 ἀμᾶσθαι
1282 2263 1352 2338 μην,
1381 2253 1445 2317 ortt.
1468 2253 1585 2317 Herod.
1620 2252 1707 2316 VIII
1727 2254 1784 2332 24,
1808 2253 1907 2315 Ante.
1931 2252 2001 2315 PaL

191 2361 261 2424 VII
281 2364 326 2424 24
348 2366 378 2425 et
403 2363 483 2424 241:
505 2361 629 2444 placere
651 2361 750 2444 igitur
773 2359 865 2424 Secti
888 2361 1054 2425 lectionem
1075 2362 1171 2444 γαῖαν
1194 2356 1413 2446 ἑφεσσόμενον
1433 2360 1500 2424 sive
1523 2369 1580 2446 γῆν
1603 2355 1847 2438 ἕπιεσσάμενον.
1890 2357 2002 2442 Itaque

183 2469 244 2532 hoc
266 2470 373 2551 ipsum
392 2466 553 2550 Zieglerus
576 2472 606 2530 et
629 2464 781 2530 Sitzlerus
804 2468 883 2550 quin
907 2473 990 2531 recte
1007 2467 1181 2551 Theognidi
1198 2467 1393 2531 reddiderint
1410 2466 1559 2551 equidem
1577 2486 1642 2529 non
1662 2466 1780 2530 dubito.
1818 2464 2002 2528 Locutionis

185 2574 368 2658 exemplum
391 2593 466 2637 cum
484 2573 642 2658 Bergkius
665 2573 749 2657 apud
768 2573 859 2637 Pind.
878 2572 968 2637 Nem.
986 2575 1036 2651 11,
1056 2574 1096 2636 21
1122 2576 1354 2655 monstraverit,
1377 2572 1529 2638 Sitzlerus
1552 2578 1658 2638 autem
1685 2572 1837 2654 Hesychii
1863 2571 2001 2655 glossam

183 2680 382 2744 indicaverit:
408 2675 635 2743 ἕπιέσσασθαι
659 2690 729 2766 γῆν·
752 2690 909 2767 ταφῆναι,
934 2699 991 2764 ego
1014 2682 1049 2744 in
1071 2686 1216 2765 prompto
1239 2680 1338 2744 habeo
1362 2680 1505 2744 eiusdem
1527 2680 1696 2745 locutionis
1714 2679 1897 2763 exemplum
1916 2678 2002 2762 apud

185 2787 391 2872 Apollonium
413 2786 576 2851 RhodIum
597 2787 614 2850 I
638 2788 716 2851 690:
742 2783 956 2871 ἐπερχόμενόν
978 2808 1045 2850 που
1068 2781 1181 2868 ὀίομαι
1205 2781 1253 2863 εἰς
1275 2780 1346 2863 ἔτος
1369 2782 1430 2874 ἤδη
1453 2790 1485 2850 Γ
1486 2789 1576 2849 αῖαν
1599 2782 1852 2872 ἐφέσσεσθαι.

318 2929 390 2994 VII.
436 2929 561 3014 Repetit
582 2929 741 3013 Bergkius
763 2950 792 2992 v.
808 2931 872 2993 515
887 2948 965 3013 seq:

1004 3053 1042 3140 ἢν
1065 3050 1102 3118 δέ
1122 3076 1175 3131 τις
1197 3047 1282 3140 ἔλθη

684 3169 740 3224 σεῦ
767 3155 863 3247 φίλος
885 3157 943 3238 τόν,
972 3157 1140 3225 κατάκεισ
1164 3158 1209 3237 ὡς
1230 3157 1406 3247 φιλότητος
1428 3152 1511 3240 ἔχεις

184 3306 219 3368 in
243 3310 354 3388 quarta
376 3304 550 3385 lyricorum
574 3303 711 3367 editione
733 3303 819 3366 idem
842 3303 929 3387 quod
952 3310 1158 3388 proposuerat
1179 3305 1214 3367 in
1232 3303 1342 3367 altera:
1366 3300 1544 3379 κατάλιφ’,
1568 3296 1595 3365 ὦ
1618 3298 1794 3390 φιλότης,
1818 3299 1895 3365 τότ’
1919 3297 2000 3386 ἐρῶ.

185 3411 331 3475 Habebat
343 3409 548 3474 Leutschium
571 3428 779 3491 assensorem,
802 3412 864 3474 nisi
888 3410 974 3494 quod
996 3412 1030 3473 in
1055 3416 1196 3475 extremo
1219 3416 1410 3494 pentametro
1434 3411 1486 3475 hio
1508 3406 1584 3472 τότ’
1607 3405 1708 3494 ἐρεῖς
1725 3409 1861 3473 scribere
1880 3408 2000 3472 maluit

184 3517 253 3603 Ego
288 3537 417 3602 quoque
445 3517 527 3580 hanc
552 3536 719 3600 personam
746 3516 982 3601 praeferendam
1010 3519 1169 3595 existimo,
1202 3522 1234 3581 at
1264 3520 1419 3581 intactum
1451 3517 1596 3601 relinquo
1629 3513 1674 3592 ὡς
1704 3513 1882 3604 φιλότητος
1908 3511 1999 3595 istaec,

184 3627 218 3688 in
240 3624 338 3688 verbo
361 3620 528 3687 κατάκεισ’
552 3625 666 3687 vitium
688 3629 776 3687 ratus
798 3623 901 3687 latere.
949 3622 1090 3708 Conigo:

1003 3747 1042 3834 ἣν
1064 3744 1100 3811 de'
1122 3770 1173 3825 τις
1195 3742 1279 3834 ἔλθη

683 3862 739 3917 σεῦ
761 3849 856 3941 φίλος
878 3851 937 3933 ὤν,
961 3858 1138 3940 κατερεῖς
1161 3854 1205 3932 ὡς
1227 3852 1404 3942 φιλότητος
1426 3848 1516 3934 ἐφεις.

184 3980 286 4065 Magis
313 3981 411 4064 igitur
437 3981 547 4044 insisto
571 3980 746 4044 litterarum
768 3980 953 4043 traditarum
975 3982 1114 4064 vestigiis
1137 3979 1282 4062 Sitzlem,
1311 3981 1367 4062 qui
1393 3981 1425 4042 in
1454 3979 1587 4043 eandem
1614 3985 1709 4063 atque
1732 3998 1790 4064 ego
1813 3980 2000 4042 sententiam

186 4085 366 4173 κατάειφ’
396 4085 440 4162 ὡς
466 4086 638 4170 legendum
664 4088 794 4170 putavit
840 4085 888 4150 Ne
911 4089 1050 4150 amioum
1073 4086 1203 4170 quidem
1227 4085 1369 4150 Olearisti
1391 4085 1511 4149 nedum
1534 4087 1653 4170 ipsum,
1676 4088 1704 4149 si
1725 4085 1880 4169 profugus
1903 4084 1942 4148 ad
1966 4105 2000 4148 se

184 4197 302 4271 veniat,
322 4194 416 4257 domo
431 4214 490 4256 sua
509 4213 543 4257 se
557 4194 765 4257 exclusurum
779 4212 846 4257 esse
863 4199 955 4277 poeta
967 4195 1132 4277 promittit:
1157 4194 1218 4257 hoc
1235 4192 1341 4256 solum
1358 4197 1478 4270 monet,
1497 4212 1538 4257 ne
1556 4192 1609 4256 ille
1627 4194 1765 4256 amicum
1784 4192 1875 4273 celet,
1893 4191 1949 4255 sed
1963 4200 2000 4254 ut

185 4301 283 4365 libere
306 4302 435 4384 aperiat,
460 4300 553 4382 quale
571 4301 715 4364 futurum
733 4301 773 4363 sit
791 4300 970 4384 hospitium.
1007 4300 1081 4363 Alia
1097 4298 1221 4363 Sitzleri
1240 4306 1417 4363 correctura
1436 4293 1518 4386 εἴρη,
1538 4320 1603 4383 qua
1625 4294 1709 4385 ἔλθη
1730 4300 1759 4362 is
1782 4297 1822 4362 de
1845 4298 1918 4362 sede
1942 4318 2001 4362 sua

186 4408 304 4485 tubat,
328 4426 385 4492 ego
410 4406 633 4470 abstinendum
655 4412 743 4471 ratus
764 4427 793 4468 r.
811 4407 873 4469 517
898 4406 1052 4490 pluralem
1075 4402 1333 4493 ἀποθήσομεν
1355 4426 1412 4490 pro
1437 4402 1656 4493 ἀποθήσομαι
1671 4405 1722 4468 vel
1735 4409 1899 4489 propterea
1911 4423 2000 4489 prae-

184 4515 265 4596 fero,
290 4516 365 4599 quia
387 4515 481 4578 etiam
503 4514 538 4575 in
560 4512 656 4576 altero
681 4513 901 4576 disiunctionis
924 4513 1066 4578 membro
1089 4513 1244 4598 pluralem
1267 4507 1431 4594 εἰσόμεθα
1453 4515 1635 4577 invenimus
1657 4517 1854 4595 usurpatum.
1887 4511 1999 4596 Neque

121 4683 123 4687 ,
185 4621 337 4707 probatur
357 4622 437 4685 mihi
460 4619 546 4704 quod
569 4621 602 4682 in
625 4624 766 4683 extremo
789 4620 887 4683 huius
909 4619 972 4682 loci
994 4619 1126 4684 disticho
1148 4620 1279 4704 legitur:

684 4743 770 4806 ὥσθ’
794 4739 848 4806 ἕνα
870 4740 930 4824 μὲν
953 4740 1054 4819 ξεῖνον
1076 4743 1246 4830 πατρώιον
1269 4741 1327 4808 οὐκ
1350 4738 1559 4821 ἀπολείπειν,

739 4844 840 4926 ξείνια
863 4847 900 4913 δὲ
922 4847 1091 4914 πλεόνεσσ’
1115 4848 1152 4915 οὐ
1175 4849 1309 4928 δυνατὸς
1331 4847 1499 4937 παρέχειν,
