<?xml version="1.0" encoding="UTF-8"?>
<!DOCTYPE html PUBLIC "-//W3C//DTD XHTML 1.0 Transitional//EN"
    "http://www.w3.org/TR/xhtml1/DTD/xhtml1-transitional.dtd">
<html xmlns="http://www.w3.org/1999/xhtml" xml:lang="en" lang="en">
 <head>
  <title>
</title>
<meta http-equiv="Content-Type" content="text/html;charset=utf-8" />
  <meta name='ocr-system' content='tesseract 3.04.00' />
  <meta name='ocr-capabilities' content='ocr_page ocr_carea ocr_par ocr_line ocrx_word'/>
</head>
<body>
  <div class='ocr_page' id='page_1' title='image "./quaestionestheo00jordgoog_0036.png"; bbox 0 0 4374 5528; ppageno 0'>
   <div class='ocr_carea' id='block_1_1' title="bbox 993 249 1214 311">
    <p class='ocr_par' dir='ltr' id='par_1_1' title="bbox 993 249 1214 311">
     <span class='ocr_line' id='line_1_1' title="bbox 993 249 1214 311; baseline 0 -17"><span class='ocrx_word' id='word_1_1' title='bbox 993 249 1214 311; x_wconf 77' lang='lat'>..15-</span> 
     </span>
    </p>
   </div>
   <div class='ocr_carea' id='block_1_2' title="bbox 190 437 2011 955">
    <p class='ocr_par' dir='ltr' id='par_1_2' title="bbox 190 437 2011 637">
     <span class='ocr_line' id='line_1_2' title="bbox 193 437 2011 534; baseline -0.001 -23"><span class='ocrx_word' id='word_1_2' title='bbox 193 442 368 513; x_wconf 62' lang='lat' dir='ltr'><strong>uranicae</strong></span> <span class='ocrx_word' id='word_1_3' title='bbox 399 462 546 508; x_wconf 90' lang='lat' dir='ltr'><strong>normam</strong></span> <span class='ocrx_word' id='word_1_4' title='bbox 578 441 792 508; x_wconf 84' lang='lat' dir='ltr'><strong>sollertissime</strong></span> <span class='ocrx_word' id='word_1_5' title='bbox 823 443 870 507; x_wconf 90' lang='lat' dir='ltr'><strong>sic</strong></span> <span class='ocrx_word' id='word_1_6' title='bbox 902 441 1123 525; x_wconf 75' lang='lat' dir='ltr'><strong>conformavit,</strong></span> <span class='ocrx_word' id='word_1_7' title='bbox 1154 448 1191 507; x_wconf 91' lang='lat' dir='ltr'><strong>ut</strong></span> <span class='ocrx_word' id='word_1_8' title='bbox 1216 442 1357 528; x_wconf 81' lang='lat' dir='ltr'><strong>legatum</strong></span> <span class='ocrx_word' id='word_1_9' title='bbox 1385 442 1542 509; x_wconf 72' lang='lat' dir='ltr'><strong>doenum</strong></span> <span class='ocrx_word' id='word_1_10' title='bbox 1567 444 1675 511; x_wconf 80' lang='lat' dir='ltr'><strong>iaciatt</strong></span> <span class='ocrx_word' id='word_1_11' title='bbox 1706 443 1751 507; x_wconf 84' lang='grc' dir='ltr'><strong>οὑ</strong></span> <span class='ocrx_word' id='word_1_12' title='bbox 1773 442 1805 507; x_wconf 81' lang='grc' dir='ltr'><strong>δ’</strong></span> <span class='ocrx_word' id='word_1_13' title='bbox 1829 437 1939 510; x_wconf 79' lang='grc' dir='ltr'><strong><em>αἴκα</em></strong></span> <span class='ocrx_word' id='word_1_14' title='bbox 1961 445 2011 534; x_wconf 80' lang='grc' dir='ltr'><strong>μή</strong></span> 
     </span>
     <span class='ocr_line' id='line_1_3' title="bbox 190 547 556 637; baseline -0.016 -18"><span class='ocrx_word' id='word_1_15' title='bbox 190 549 378 621; x_wconf 74' lang='grc' dir='ltr'><strong><em>καθελεῖν</em></strong></span> <span class='ocrx_word' id='word_1_16' title='bbox 399 548 467 637; x_wconf 79' lang='grc' dir='ltr'><strong><em>λῇς</em></strong></span> <span class='ocrx_word' id='word_1_17' title='bbox 487 547 556 614; x_wconf 95' lang='grc' dir='ltr'><strong><em>κτλ.</em></strong></span> 
     </span>
    </p>

    <p class='ocr_par' dir='ltr' id='par_1_3' title="bbox 191 666 2011 955">
     <span class='ocr_line' id='line_1_4' title="bbox 326 666 2011 762; baseline 0.002 -22"><span class='ocrx_word' id='word_1_18' title='bbox 326 673 399 760; x_wconf 81' lang='lat' dir='ltr'><strong>Cap.</strong></span> <span class='ocrx_word' id='word_1_19' title='bbox 415 676 472 758; x_wconf 82' lang='lat'><strong>31,</strong></span> <span class='ocrx_word' id='word_1_20' title='bbox 494 675 573 738; x_wconf 88' lang='grc'><strong>112</strong></span> <span class='ocrx_word' id='word_1_21' title='bbox 596 691 655 759; x_wconf 92' lang='lat' dir='ltr'><strong>pro</strong></span> <span class='ocrx_word' id='word_1_22' title='bbox 677 670 755 750; x_wconf 75' lang='grc' dir='ltr'><strong><em>τοὺς</em></strong></span> <span class='ocrx_word' id='word_1_23' title='bbox 774 668 835 755; x_wconf 81' lang='grc' dir='ltr'><strong>μέν</strong></span> <span class='ocrx_word' id='word_1_24' title='bbox 857 671 901 736; x_wconf 90' lang='grc' dir='ltr'><strong><em>δι’</em></strong></span> <span class='ocrx_word' id='word_1_25' title='bbox 924 669 1023 738; x_wconf 67' lang='lat' dir='ltr'><strong>acceo</strong></span> <span class='ocrx_word' id='word_1_26' title='bbox 1044 666 1135 754; x_wconf 78' lang='grc' dir='ltr'><strong><em>ἐίτχεν</em></strong></span> <span class='ocrx_word' id='word_1_27' title='bbox 1156 669 1293 759; x_wconf 75' lang='grc' dir='ltr'><strong><em>ἐχθρούς</em></strong></span> <span class='ocrx_word' id='word_1_28' title='bbox 1314 675 1434 740; x_wconf 88' lang='lat' dir='ltr'><strong>mavolt</strong></span> <span class='ocrx_word' id='word_1_29' title='bbox 1454 672 1626 752; x_wconf 82' lang='grc' dir='ltr'><strong><em>πολλοὺς</em></strong></span> <span class='ocrx_word' id='word_1_30' title='bbox 1646 671 1707 758; x_wconf 79' lang='grc' dir='ltr'><strong>μὲν</strong></span> <span class='ocrx_word' id='word_1_31' title='bbox 1728 675 1879 760; x_wconf 86' lang='lat' dir='ltr'><strong>scribere,</strong></span> <span class='ocrx_word' id='word_1_32' title='bbox 1906 696 2011 762; x_wconf 88' lang='lat' dir='ltr'><strong>neque</strong></span> 
     </span>
     <span class='ocr_line' id='line_1_5' title="bbox 192 779 2010 868; baseline 0.001 -22"><span class='ocrx_word' id='word_1_33' title='bbox 192 779 366 859; x_wconf 75' lang='grc' dir='ltr'><strong><em>Ῑλόκωνος</em></strong></span> <span class='ocrx_word' id='word_1_34' title='bbox 399 800 519 847; x_wconf 88' lang='lat' dir='ltr'><strong>nomen</strong></span> <span class='ocrx_word' id='word_1_35' title='bbox 551 780 671 864; x_wconf 83' lang='grc'>(133)</span> <span class='ocrx_word' id='word_1_36' title='bbox 703 782 886 865; x_wconf 86' lang='lat' dir='ltr'><strong>incorrupte</strong></span> <span class='ocrx_word' id='word_1_37' title='bbox 917 781 1082 864; x_wconf 89' lang='lat' dir='ltr'><strong>traditum,</strong></span> <span class='ocrx_word' id='word_1_38' title='bbox 1118 781 1174 846; x_wconf 93' lang='lat' dir='ltr'><strong>sed</strong></span> <span class='ocrx_word' id='word_1_39' title='bbox 1207 786 1263 846; x_wconf 91' lang='lat' dir='ltr'><strong>aut</strong></span> <span class='ocrx_word' id='word_1_40' title='bbox 1293 779 1486 860; x_wconf 75' lang='grc' dir='ltr'><strong><em>Ιλαύκωνος</em></strong></span> <span class='ocrx_word' id='word_1_41' title='bbox 1516 786 1572 847; x_wconf 85' lang='lat' dir='ltr'><strong>aui</strong></span> <span class='ocrx_word' id='word_1_42' title='bbox 1601 781 1760 860; x_wconf 79' lang='grc' dir='ltr'><strong><em>Λύκωνος</em></strong></span> <span class='ocrx_word' id='word_1_43' title='bbox 1790 785 2010 868; x_wconf 89' lang='lat' dir='ltr'><strong>reponendum</strong></span> 
     </span>
     <span class='ocr_line' id='line_1_6' title="bbox 191 894 395 955; baseline 0 -1"><span class='ocrx_word' id='word_1_44' title='bbox 191 908 260 954; x_wconf 84' lang='lat' dir='ltr'><strong>ease</strong></span> <span class='ocrx_word' id='word_1_45' title='bbox 281 894 395 955; x_wconf 87' lang='lat' dir='ltr'><strong>censet</strong></span> 
     </span>
    </p>
   </div>
   <div class='ocr_carea' id='block_1_3' title="bbox 189 1005 2011 2039">
    <p class='ocr_par' dir='ltr' id='par_1_4' title="bbox 189 1005 2011 2039">
     <span class='ocr_line' id='line_1_7' title="bbox 325 1005 2009 1099; baseline 0.001 -21"><span class='ocrx_word' id='word_1_46' title='bbox 325 1013 471 1099; x_wconf 66' lang='grc'><strong>011132,</strong></span> <span class='ocrx_word' id='word_1_47' title='bbox 493 1013 514 1077; x_wconf 91' lang='lat' dir='ltr'><strong>l.</strong></span> <span class='ocrx_word' id='word_1_48' title='bbox 534 1013 552 1076; x_wconf 83' lang='grc'><strong>7</strong></span> <span class='ocrx_word' id='word_1_49' title='bbox 577 1013 613 1077; x_wconf 91' lang='lat' dir='ltr'><strong>in</strong></span> <span class='ocrx_word' id='word_1_50' title='bbox 635 1011 742 1077; x_wconf 89' lang='lat' dir='ltr'><strong>verbis</strong></span> <span class='ocrx_word' id='word_1_51' title='bbox 765 1005 809 1076; x_wconf 79' lang='grc' dir='ltr'><strong><em>δι’</em></strong></span> <span class='ocrx_word' id='word_1_52' title='bbox 827 1005 1044 1097; x_wconf 72' lang='grc' dir='ltr'><strong><em>Ἀναξαγόρου</em></strong></span> <span class='ocrx_word' id='word_1_53' title='bbox 1061 1011 1119 1099; x_wconf 77' lang='grc' dir='ltr'><strong>τὴν</strong></span> <span class='ocrx_word' id='word_1_54' title='bbox 1137 1008 1297 1076; x_wconf 73' lang='grc' dir='ltr'><strong><em>ὑπόνοιαν</em></strong></span> <span class='ocrx_word' id='word_1_55' title='bbox 1316 1012 1478 1078; x_wconf 84' lang='lat' dir='ltr'><strong>offendens</strong></span> <span class='ocrx_word' id='word_1_56' title='bbox 1496 1013 1654 1099; x_wconf 78' lang='lat' dir='ltr'><strong>Bergkius</strong></span> <span class='ocrx_word' id='word_1_57' title='bbox 1673 1008 1824 1079; x_wconf 81' lang='grc' dir='ltr'><strong><em>εδνοιαν</em></strong></span> <span class='ocrx_word' id='word_1_58' title='bbox 1842 1015 2009 1080; x_wconf 76' lang='lat' dir='ltr'><strong>adnotavit</strong></span> 
     </span>
     <span class='ocr_line' id='line_1_8' title="bbox 191 1111 2011 1211; baseline 0.001 -26"><span class='ocrx_word' id='word_1_59' title='bbox 191 1119 317 1186; x_wconf 84' lang='lat' dir='ltr'>Ibidem</span> <span class='ocrx_word' id='word_1_60' title='bbox 338 1121 359 1185; x_wconf 89' lang='lat' dir='ltr'><strong>l.</strong></span> <span class='ocrx_word' id='word_1_61' title='bbox 376 1122 416 1184; x_wconf 87' lang='grc'><strong>15</strong></span> <span class='ocrx_word' id='word_1_62' title='bbox 441 1120 601 1185; x_wconf 83' lang='lat' dir='ltr'><strong>distinxit:</strong></span> <span class='ocrx_word' id='word_1_63' title='bbox 623 1111 813 1182; x_wconf 74' lang='grc' dir='ltr'><strong><em>Ἀσπασίαν</em></strong></span> <span class='ocrx_word' id='word_1_64' title='bbox 832 1115 893 1202; x_wconf 82' lang='grc' dir='ltr'><strong>μέν</strong></span> <span class='ocrx_word' id='word_1_65' title='bbox 916 1112 971 1183; x_wconf 84' lang='grc' dir='ltr'><strong>οὑν</strong></span> <span class='ocrx_word' id='word_1_66' title='bbox 994 1115 1183 1206; x_wconf 76' lang='grc' dir='ltr'><strong><em>ἐξῃτήσατο,</em></strong></span> <span class='ocrx_word' id='word_1_67' title='bbox 1207 1117 1318 1183; x_wconf 82' lang='grc' dir='ltr'><strong><em>πολλὰ</em></strong></span> <span class='ocrx_word' id='word_1_68' title='bbox 1339 1117 1429 1184; x_wconf 81' lang='grc' dir='ltr'><strong><em>πάνυ</em></strong></span> <span class='ocrx_word' id='word_1_69' title='bbox 1450 1119 1559 1205; x_wconf 81' lang='grc' dir='ltr'><strong><em>παρὰ</em></strong></span> <span class='ocrx_word' id='word_1_70' title='bbox 1581 1121 1639 1208; x_wconf 77' lang='grc' dir='ltr'><strong>τὴν</strong></span> <span class='ocrx_word' id='word_1_71' title='bbox 1657 1114 1765 1210; x_wconf 89' lang='grc' dir='ltr'><strong><em>δίκην,</em></strong></span> <span class='ocrx_word' id='word_1_72' title='bbox 1789 1119 1833 1199; x_wconf 85' lang='grc' dir='ltr'><strong><em>ὡς</em></strong></span> <span class='ocrx_word' id='word_1_73' title='bbox 1849 1116 2011 1211; x_wconf 82' lang='grc' dir='ltr'><strong><em>Αἰσχίνης</em></strong></span> 
     </span>
     <span class='ocr_line' id='line_1_9' title="bbox 190 1221 2009 1317; baseline 0.002 -26"><span class='ocrx_word' id='word_1_74' title='bbox 190 1222 304 1317; x_wconf 85' lang='grc' dir='ltr'><strong><em>φησίν,</em></strong></span> <span class='ocrx_word' id='word_1_75' title='bbox 338 1223 434 1315; x_wconf 73' lang='grc' dir='ltr'><strong><em>ἀφεὶς</em></strong></span> <span class='ocrx_word' id='word_1_76' title='bbox 464 1222 550 1311; x_wconf 77' lang='grc' dir='ltr'><strong><em>ὑπὲρ</em></strong></span> <span class='ocrx_word' id='word_1_77' title='bbox 577 1221 677 1313; x_wconf 80' lang='grc' dir='ltr'><strong><em>αι’πης</em></strong></span> <span class='ocrx_word' id='word_1_78' title='bbox 708 1222 833 1311; x_wconf 85' lang='grc' dir='ltr'><strong><em>δάκρυα</em></strong></span> <span class='ocrx_word' id='word_1_79' title='bbox 864 1222 921 1289; x_wconf 81' lang='grc' dir='ltr'><strong>καὶ</strong></span> <span class='ocrx_word' id='word_1_80' title='bbox 954 1221 1087 1314; x_wconf 73' lang='grc' dir='ltr'><strong><em>δεηθεὶς</em></strong></span> <span class='ocrx_word' id='word_1_81' title='bbox 1113 1232 1178 1288; x_wconf 86' lang='grc' dir='ltr'><strong>τῶν</strong></span> <span class='ocrx_word' id='word_1_82' title='bbox 1205 1223 1381 1290; x_wconf 74' lang='grc' dir='ltr'><strong><em>δικαστῶνε</em></strong></span> <span class='ocrx_word' id='word_1_83' title='bbox 1415 1226 1565 1291; x_wconf 86' lang='lat' dir='ltr'><strong>dubitans</strong></span> <span class='ocrx_word' id='word_1_84' title='bbox 1592 1229 1688 1291; x_wconf 84' lang='lat' dir='ltr'><strong>etium</strong></span> <span class='ocrx_word' id='word_1_85' title='bbox 1715 1227 1754 1291; x_wconf 91' lang='lat' dir='ltr'><strong>de</strong></span> <span class='ocrx_word' id='word_1_86' title='bbox 1781 1231 2009 1313; x_wconf 80' lang='lat' dir='ltr'><strong>praepositione</strong></span> 
     </span>
     <span class='ocr_line' id='line_1_10' title="bbox 189 1326 2010 1424; baseline 0.001 -26"><span class='ocrx_word' id='word_1_87' title='bbox 189 1333 284 1421; x_wconf 85' lang='grc' dir='ltr'><strong><em>παρὰ</em></strong></span> <span class='ocrx_word' id='word_1_88' title='bbox 315 1336 352 1398; x_wconf 94' lang='lat' dir='ltr'><strong>in</strong></span> <span class='ocrx_word' id='word_1_89' title='bbox 380 1331 479 1397; x_wconf 75' lang='lat' dir='ltr'><strong>acroi</strong></span> <span class='ocrx_word' id='word_1_90' title='bbox 511 1333 662 1398; x_wconf 88' lang='lat' dir='ltr'><strong>mutanda</strong></span> <span class='ocrx_word' id='word_1_91' title='bbox 693 1334 855 1417; x_wconf 82' lang='lat' dir='ltr'><strong>cogitavit:</strong></span> <span class='ocrx_word' id='word_1_92' title='bbox 892 1351 930 1396; x_wconf 89' lang='lat' dir='ltr'><strong>ea</strong></span> <span class='ocrx_word' id='word_1_93' title='bbox 957 1337 1062 1397; x_wconf 88' lang='lat' dir='ltr'><strong>autem</strong></span> <span class='ocrx_word' id='word_1_94' title='bbox 1090 1351 1172 1416; x_wconf 89' lang='lat' dir='ltr'><strong>quae</strong></span> <span class='ocrx_word' id='word_1_95' title='bbox 1200 1338 1378 1416; x_wconf 89' lang='lat' dir='ltr'><strong>sequuntur</strong></span> <span class='ocrx_word' id='word_1_96' title='bbox 1404 1333 1496 1398; x_wconf 84' lang='grc'><strong>1.17;</strong></span> <span class='ocrx_word' id='word_1_97' title='bbox 1532 1326 1748 1420; x_wconf 74' lang='grc' dir='ltr'><strong><em>Ἀναξαγόραν</em></strong></span> <span class='ocrx_word' id='word_1_98' title='bbox 1779 1331 1816 1397; x_wconf 81' lang='grc' dir='ltr'><strong>δὲ</strong></span> <span class='ocrx_word' id='word_1_99' title='bbox 1847 1333 2010 1424; x_wconf 74' lang='grc' dir='ltr'><strong><em>φοβηθεὶς</em></strong></span> 
     </span>
     <span class='ocr_line' id='line_1_11' title="bbox 191 1433 2010 1531; baseline 0.001 -27"><span class='ocrx_word' id='word_1_100' title='bbox 191 1437 363 1522; x_wconf 74' lang='grc' dir='ltr'><strong><em>ἐξέπεμψε</em></strong></span> <span class='ocrx_word' id='word_1_101' title='bbox 389 1435 447 1503; x_wconf 82' lang='grc' dir='ltr'><strong>καὶ</strong></span> <span class='ocrx_word' id='word_1_102' title='bbox 469 1435 689 1526; x_wconf 77' lang='grc' dir='ltr'><strong><em>προύπεμψεν</em></strong></span> <span class='ocrx_word' id='word_1_103' title='bbox 712 1435 748 1502; x_wconf 89' lang='grc' dir='ltr'><strong><em>ἐκ</em></strong></span> <span class='ocrx_word' id='word_1_104' title='bbox 771 1448 828 1526; x_wconf 79' lang='grc' dir='ltr'><strong>της</strong></span> <span class='ocrx_word' id='word_1_105' title='bbox 850 1436 988 1515; x_wconf 84' lang='grc' dir='ltr'><strong><em>πόλεως.</em></strong></span> <span class='ocrx_word' id='word_1_106' title='bbox 1032 1433 1089 1515; x_wconf 89' lang='grc' dir='ltr'><strong><em>Ὡς</em></strong></span> <span class='ocrx_word' id='word_1_107' title='bbox 1111 1435 1148 1501; x_wconf 87' lang='grc' dir='ltr'><strong><em>δέ</em></strong></span> <span class='ocrx_word' id='word_1_108' title='bbox 1170 1436 1227 1501; x_wconf 85' lang='grc' dir='ltr'><strong><em>διὰ</em></strong></span> <span class='ocrx_word' id='word_1_109' title='bbox 1253 1434 1387 1503; x_wconf 79' lang='grc' dir='ltr'><strong><em>Φειδίου</em></strong></span> <span class='ocrx_word' id='word_1_110' title='bbox 1408 1437 1639 1525; x_wconf 82' lang='grc' dir='ltr'><strong><em>προσέπταισε</em></strong></span> <span class='ocrx_word' id='word_1_111' title='bbox 1661 1443 1709 1525; x_wconf 75' lang='grc' dir='ltr'><strong><em>τῷ</em></strong></span> <span class='ocrx_word' id='word_1_112' title='bbox 1732 1439 1824 1528; x_wconf 77' lang='grc' dir='ltr'><strong><em>δήμῳ</em></strong></span> <span class='ocrx_word' id='word_1_113' title='bbox 1847 1439 2010 1531; x_wconf 74' lang='grc' dir='ltr'><strong><em>φοβηθεὶς</em></strong></span> 
     </span>
     <span class='ocr_line' id='line_1_12' title="bbox 193 1541 2009 1633; baseline 0.002 -23"><span class='ocrx_word' id='word_1_114' title='bbox 193 1546 232 1611; x_wconf 84' lang='grc' dir='ltr'><strong><em>τὸ</em></strong></span> <span class='ocrx_word' id='word_1_115' title='bbox 261 1544 470 1633; x_wconf 81' lang='grc' dir='ltr'><strong><em>δικαστήριον</em></strong></span> <span class='ocrx_word' id='word_1_116' title='bbox 494 1543 653 1627; x_wconf 76' lang='grc' dir='ltr'><strong><em>μέλλοντα</em></strong></span> <span class='ocrx_word' id='word_1_117' title='bbox 680 1544 737 1609; x_wconf 89' lang='grc' dir='ltr'><strong>τὸν</strong></span> <span class='ocrx_word' id='word_1_118' title='bbox 763 1542 910 1627; x_wconf 82' lang='grc' dir='ltr'><strong><em>πόλεμον</em></strong></span> <span class='ocrx_word' id='word_1_119' title='bbox 936 1542 993 1610; x_wconf 86' lang='grc' dir='ltr'><strong>καὶ</strong></span> <span class='ocrx_word' id='word_1_120' title='bbox 1021 1542 1267 1632; x_wconf 66' lang='grc' dir='ltr'><strong><em>ὑποτυφόμενον</em></strong></span> <span class='ocrx_word' id='word_1_121' title='bbox 1294 1541 1475 1626; x_wconf 79' lang='grc' dir='ltr'><strong><em>ἐξέκαυσεν,</em></strong></span> <span class='ocrx_word' id='word_1_122' title='bbox 1505 1542 1647 1626; x_wconf 78' lang='grc' dir='ltr'><strong><em>ἐλπίζων</em></strong></span> <span class='ocrx_word' id='word_1_123' title='bbox 1673 1546 1742 1612; x_wconf 85' lang='grc' dir='ltr'><strong><em>κτλ.</em></strong></span> <span class='ocrx_word' id='word_1_124' title='bbox 1771 1568 1844 1613; x_wconf 91' lang='lat' dir='ltr'><strong>cum</strong></span> <span class='ocrx_word' id='word_1_125' title='bbox 1873 1548 2009 1614; x_wconf 84' lang='lat' dir='ltr'><strong>Cobetus</strong></span> 
     </span>
     <span class='ocr_line' id='line_1_13' title="bbox 194 1649 2009 1741; baseline 0.002 -24"><span class='ocrx_word' id='word_1_126' title='bbox 194 1655 231 1717; x_wconf 90' lang='lat' dir='ltr'><strong>in</strong></span> <span class='ocrx_word' id='word_1_127' title='bbox 257 1655 414 1738; x_wconf 87' lang='lat' dir='ltr'><strong>integrum</strong></span> <span class='ocrx_word' id='word_1_128' title='bbox 440 1655 485 1718; x_wconf 87' lang='lat' dir='ltr'><strong>ita</strong></span> <span class='ocrx_word' id='word_1_129' title='bbox 510 1653 704 1718; x_wconf 89' lang='lat' dir='ltr'><strong>restituenda</strong></span> <span class='ocrx_word' id='word_1_130' title='bbox 730 1659 831 1738; x_wconf 88' lang='lat' dir='ltr'><strong>putet,</strong></span> <span class='ocrx_word' id='word_1_131' title='bbox 865 1659 902 1717; x_wconf 91' lang='lat' dir='ltr'><strong>ut</strong></span> <span class='ocrx_word' id='word_1_132' title='bbox 928 1651 1119 1717; x_wconf 85' lang='lat' dir='ltr'><strong>rescribatur</strong></span> <span class='ocrx_word' id='word_1_133' title='bbox 1145 1649 1309 1741; x_wconf 70' lang='grc' dir='ltr'><strong><em>φοβηθεὶς</em></strong></span> <span class='ocrx_word' id='word_1_134' title='bbox 1336 1650 1570 1739; x_wconf 77' lang='grc' dir='ltr'><strong><em>ὑπεξέπεμψεν</em></strong></span> <span class='ocrx_word' id='word_1_135' title='bbox 1592 1651 1629 1718; x_wconf 88' lang='grc' dir='ltr'><strong><em>ἐκ</em></strong></span> <span class='ocrx_word' id='word_1_136' title='bbox 1650 1665 1708 1741; x_wconf 80' lang='grc' dir='ltr'><strong>τῆς</strong></span> <span class='ocrx_word' id='word_1_137' title='bbox 1729 1653 1872 1734; x_wconf 89' lang='grc' dir='ltr'><strong><em>πόλεως,</em></strong></span> <span class='ocrx_word' id='word_1_138' title='bbox 1906 1661 2009 1721; x_wconf 90' lang='lat' dir='ltr'><strong>cetera</strong></span> 
     </span>
     <span class='ocr_line' id='line_1_14' title="bbox 194 1756 2009 1848; baseline 0.001 -23"><span class='ocrx_word' id='word_1_139' title='bbox 194 1762 311 1825; x_wconf 84' lang='lat' dir='ltr'><strong>intacta</strong></span> <span class='ocrx_word' id='word_1_140' title='bbox 339 1760 572 1844; x_wconf 81' lang='lat' dir='ltr'><strong>relinquantur,</strong></span> <span class='ocrx_word' id='word_1_141' title='bbox 604 1760 762 1845; x_wconf 81' lang='lat' dir='ltr'><strong>Bergkius</strong></span> <span class='ocrx_word' id='word_1_142' title='bbox 792 1759 899 1825; x_wconf 88' lang='lat' dir='ltr'><strong>verbis</strong></span> <span class='ocrx_word' id='word_1_143' title='bbox 930 1756 1094 1848; x_wconf 70' lang='grc' dir='ltr'><strong><em>φοβηθεὶς</em></strong></span> <span class='ocrx_word' id='word_1_144' title='bbox 1124 1758 1162 1823; x_wconf 89' lang='grc' dir='ltr'><strong><em>τὸ</em></strong></span> <span class='ocrx_word' id='word_1_145' title='bbox 1194 1758 1403 1847; x_wconf 77' lang='grc' dir='ltr'><strong><em>δικαστήριον</em></strong></span> <span class='ocrx_word' id='word_1_146' title='bbox 1435 1761 1531 1826; x_wconf 84' lang='lat' dir='ltr'><strong>altero</strong></span> <span class='ocrx_word' id='word_1_147' title='bbox 1564 1762 1634 1826; x_wconf 91' lang='lat' dir='ltr'><strong>loco</strong></span> <span class='ocrx_word' id='word_1_148' title='bbox 1663 1761 1817 1826; x_wconf 84' lang='lat' dir='ltr'><strong>damnatis</strong></span> <span class='ocrx_word' id='word_1_149' title='bbox 1849 1782 1945 1847; x_wconf 86' lang='lat' dir='ltr'><strong>supra</strong></span> <span class='ocrx_word' id='word_1_150' title='bbox 1970 1761 2009 1826; x_wconf 85' lang='grc' dir='ltr'><strong><em>τὸ</em></strong></span> 
     </span>
     <span class='ocr_line' id='line_1_15' title="bbox 194 1861 2009 1982; baseline 0.002 -52"><span class='ocrx_word' id='word_1_151' title='bbox 194 1865 402 1954; x_wconf 82' lang='grc' dir='ltr'><strong><em>δικαστήριον</em></strong></span> <span class='ocrx_word' id='word_1_152' title='bbox 424 1862 556 1944; x_wconf 57' lang='lat' dir='ltr'><strong>antei</strong></span> <span class='ocrx_word' id='word_1_153' title='bbox 520 1888 534 1929; x_wconf 88' lang='grc' dir='ltr'><strong>ε</strong></span> <span class='ocrx_word' id='word_1_154' title='bbox 537 1862 689 1948; x_wconf 74' lang='grc' dir='ltr'><strong><em>ξέπεμφε</em></strong></span> <span class='ocrx_word' id='word_1_155' title='bbox 712 1867 913 1951; x_wconf 89' lang='lat' dir='ltr'><strong>desideravit,</strong></span> <span class='ocrx_word' id='word_1_156' title='bbox 936 1867 1034 1931; x_wconf 91' lang='lat' dir='ltr'><strong>verba</strong></span> <span class='ocrx_word' id='word_1_157' title='bbox 1055 1863 1113 1930; x_wconf 86' lang='grc' dir='ltr'><strong>καὶ</strong></span> <span class='ocrx_word' id='word_1_158' title='bbox 1136 1861 1359 1982; x_wconf 79' lang='grc' dir='ltr'><strong><em>προύπεμψεν</em></strong></span> <span class='ocrx_word' id='word_1_159' title='bbox 1382 1868 1529 1933; x_wconf 88' lang='lat' dir='ltr'><strong>cancellis</strong></span> <span class='ocrx_word' id='word_1_160' title='bbox 1552 1868 1766 1932; x_wconf 87' lang='lat' dir='ltr'><strong>circumdedit</strong></span> <span class='ocrx_word' id='word_1_161' title='bbox 1812 1868 1899 1933; x_wconf 84' lang='lat' dir='ltr'><strong>Vitio</strong></span> <span class='ocrx_word' id='word_1_162' title='bbox 1922 1869 2009 1934; x_wconf 91' lang='lat' dir='ltr'><strong>labo-</strong></span> 
     </span>
     <span class='ocr_line' id='line_1_16' title="bbox 189 1973 832 2039; baseline -0.002 0"><span class='ocrx_word' id='word_1_163' title='bbox 189 1993 260 2039; x_wconf 82' lang='lat' dir='ltr'><strong>rare</strong></span> <span class='ocrx_word' id='word_1_164' title='bbox 281 1973 449 2039; x_wconf 89' lang='lat' dir='ltr'><strong>videbatur</strong></span> <span class='ocrx_word' id='word_1_165' title='bbox 470 1973 557 2038; x_wconf 90' lang='lat' dir='ltr'><strong>idem</strong></span> <span class='ocrx_word' id='word_1_166' title='bbox 579 1973 714 2038; x_wconf 92' lang='lat' dir='ltr'><strong>verbum</strong></span> <span class='ocrx_word' id='word_1_167' title='bbox 737 1975 832 2038; x_wconf 84' lang='lat' dir='ltr'><strong>etiam</strong></span> 
     </span>
    </p>
   </div>
   <div class='ocr_carea' id='block_1_4' title="bbox 189 2091 2007 2506">
    <p class='ocr_par' dir='ltr' id='par_1_5' title="bbox 189 2091 2007 2506">
     <span class='ocr_line' id='line_1_17' title="bbox 324 2091 2007 2185; baseline 0.001 -22"><span class='ocrx_word' id='word_1_168' title='bbox 324 2118 390 2184; x_wconf 91' lang='lat' dir='ltr'><strong>cap</strong></span> <span class='ocrx_word' id='word_1_169' title='bbox 406 2100 462 2178; x_wconf 89' lang='grc'><strong>33,</strong></span> <span class='ocrx_word' id='word_1_170' title='bbox 484 2098 504 2162; x_wconf 89' lang='lat' dir='ltr'><strong>l.</strong></span> <span class='ocrx_word' id='word_1_171' title='bbox 521 2099 554 2162; x_wconf 84' lang='lat'><strong>5:</strong></span> <span class='ocrx_word' id='word_1_172' title='bbox 579 2094 659 2185; x_wconf 78' lang='grc' dir='ltr'><strong>ήδέ</strong></span> <span class='ocrx_word' id='word_1_173' title='bbox 680 2101 782 2185; x_wconf 88' lang='grc' dir='ltr'><strong><em>πεῖρα</em></strong></span> <span class='ocrx_word' id='word_1_174' title='bbox 804 2093 964 2185; x_wconf 82' lang='grc' dir='ltr'><strong><em>περιέστη</em></strong></span> <span class='ocrx_word' id='word_1_175' title='bbox 987 2099 1071 2174; x_wconf 89' lang='grc' dir='ltr'><strong><em>τοῖς</em></strong></span> <span class='ocrx_word' id='word_1_176' title='bbox 1093 2094 1301 2183; x_wconf 74' lang='grc' dir='ltr'><strong><em>πέμψασιν</em></strong></span> <span class='ocrx_word' id='word_1_177' title='bbox 1324 2091 1372 2175; x_wconf 80' lang='grc' dir='ltr'><strong>εἰς</strong></span> <span class='ocrx_word' id='word_1_178' title='bbox 1393 2093 1591 2176; x_wconf 79' lang='grc' dir='ltr'><strong><em>τούναντίον,</em></strong></span> <span class='ocrx_word' id='word_1_179' title='bbox 1617 2099 1702 2183; x_wconf 92' lang='lat' dir='ltr'><strong>quod</strong></span> <span class='ocrx_word' id='word_1_180' title='bbox 1720 2102 1833 2164; x_wconf 88' lang='lat' dir='ltr'><strong>vitium</strong></span> <span class='ocrx_word' id='word_1_181' title='bbox 1849 2101 2007 2184; x_wconf 91' lang='lat' dir='ltr'><strong>quomodo</strong></span> 
     </span>
     <span class='ocr_line' id='line_1_18' title="bbox 189 2200 2006 2290; baseline 0 -20"><span class='ocrx_word' id='word_1_182' title='bbox 189 2205 368 2271; x_wconf 89' lang='lat' dir='ltr'><strong>sanandum</strong></span> <span class='ocrx_word' id='word_1_183' title='bbox 391 2210 484 2287; x_wconf 88' lang='lat' dir='ltr'><strong>esset,</strong></span> <span class='ocrx_word' id='word_1_184' title='bbox 511 2223 585 2269; x_wconf 92' lang='lat' dir='ltr'><strong>cum</strong></span> <span class='ocrx_word' id='word_1_185' title='bbox 608 2205 642 2269; x_wconf 93' lang='lat' dir='ltr'><strong>id</strong></span> <span class='ocrx_word' id='word_1_186' title='bbox 667 2204 753 2288; x_wconf 92' lang='lat' dir='ltr'><strong>quod</strong></span> <span class='ocrx_word' id='word_1_187' title='bbox 775 2225 869 2289; x_wconf 88' lang='lat' dir='ltr'><strong>supra</strong></span> <span class='ocrx_word' id='word_1_188' title='bbox 893 2205 1011 2290; x_wconf 84' lang='lat' dir='ltr'><strong>legerat</strong></span> <span class='ocrx_word' id='word_1_189' title='bbox 1032 2203 1070 2267; x_wconf 87' lang='grc' dir='ltr'><strong><em>τὸ</em></strong></span> <span class='ocrx_word' id='word_1_190' title='bbox 1094 2200 1171 2289; x_wconf 80' lang='grc' dir='ltr'><strong><em>δίγος</em></strong></span> <span class='ocrx_word' id='word_1_191' title='bbox 1193 2201 1337 2268; x_wconf 77' lang='grc' dir='ltr'><strong><em>ἐλαύνειν</em></strong></span> <span class='ocrx_word' id='word_1_192' title='bbox 1360 2211 1533 2270; x_wconf 86' lang='lat' dir='ltr'><strong>monstrare</strong></span> <span class='ocrx_word' id='word_1_193' title='bbox 1555 2206 1729 2290; x_wconf 89' lang='lat' dir='ltr'><strong>videretur,</strong></span> <span class='ocrx_word' id='word_1_194' title='bbox 1751 2209 1835 2283; x_wconf 89' lang='grc' dir='ltr'><strong><em>τοῖς</em></strong></span> <span class='ocrx_word' id='word_1_195' title='bbox 1857 2204 2006 2271; x_wconf 79' lang='grc' dir='ltr'><strong><em>ἀπελό-</em></strong></span> 
     </span>
     <span class='ocr_line' id='line_1_19' title="bbox 190 2305 2006 2398; baseline 0.001 -22"><span class='ocrx_word' id='word_1_196' title='bbox 190 2330 306 2376; x_wconf 91' lang='grc' dir='ltr'><strong><em>σασιν</em></strong></span> <span class='ocrx_word' id='word_1_197' title='bbox 325 2314 499 2397; x_wconf 89' lang='lat' dir='ltr'><strong>proposuit</strong></span> <span class='ocrx_word' id='word_1_198' title='bbox 537 2311 638 2376; x_wconf 91' lang='lat' dir='ltr'><strong>Paulo</strong></span> <span class='ocrx_word' id='word_1_199' title='bbox 661 2312 844 2376; x_wconf 78' lang='lat' dir='ltr'><strong>intratis</strong></span> <span class='ocrx_word' id='word_1_200' title='bbox 867 2312 1031 2376; x_wconf 93' lang='lat' dir='ltr'><strong>numerale</strong></span> <span class='ocrx_word' id='word_1_201' title='bbox 1053 2310 1129 2388; x_wconf 81' lang='grc' dir='ltr'><strong><em>τοὺς</em></strong></span> <span class='ocrx_word' id='word_1_202' title='bbox 1151 2305 1397 2396; x_wconf 74' lang='grc' dir='ltr'><strong><em>ἑξακισμυρίους</em></strong></span> <span class='ocrx_word' id='word_1_203' title='bbox 1418 2315 1583 2397; x_wconf 90' lang='lat' dir='ltr'><strong>vitiosum,</strong></span> <span class='ocrx_word' id='word_1_204' title='bbox 1606 2313 1884 2398; x_wconf 85' lang='lat' dir='ltr'><strong>redintegrandum</strong></span> <span class='ocrx_word' id='word_1_205' title='bbox 1903 2320 2006 2378; x_wconf 88' lang='lat' dir='ltr'><strong>autom</strong></span> 
     </span>
     <span class='ocr_line' id='line_1_20' title="bbox 189 2412 1655 2506; baseline 0 -22"><span class='ocrx_word' id='word_1_206' title='bbox 189 2438 258 2485; x_wconf 89' lang='lat' dir='ltr'><strong>esse</strong></span> <span class='ocrx_word' id='word_1_207' title='bbox 280 2412 571 2500; x_wconf 77' lang='grc' dir='ltr'><strong><em>ἑξακισχιλίους</em></strong></span> <span class='ocrx_word' id='word_1_208' title='bbox 593 2419 673 2483; x_wconf 91' lang='lat' dir='ltr'><strong>vidit</strong></span> <span class='ocrx_word' id='word_1_209' title='bbox 696 2421 789 2482; x_wconf 90' lang='lat' dir='ltr'><strong>etiam</strong></span> <span class='ocrx_word' id='word_1_210' title='bbox 814 2417 964 2483; x_wconf 74' lang='lat' dir='ltr'><strong>Cebetis:</strong></span> <span class='ocrx_word' id='word_1_211' title='bbox 989 2437 1093 2502; x_wconf 90' lang='lat' dir='ltr'><strong>neque</strong></span> <span class='ocrx_word' id='word_1_212' title='bbox 1115 2420 1224 2483; x_wconf 89' lang='lat' dir='ltr'><strong>minus</strong></span> <span class='ocrx_word' id='word_1_213' title='bbox 1237 2421 1456 2504; x_wconf 81' lang='lat' dir='ltr'><strong>¹compositum</strong></span> <span class='ocrx_word' id='word_1_214' title='bbox 1479 2416 1655 2506; x_wconf 77' lang='grc' dir='ltr'><strong><em>ἀνέγραφεν</em></strong></span> 
     </span>
    </p>
   </div>
   <div class='ocr_carea' id='block_1_5' title="bbox 190 2542 2006 2739">
    <p class='ocr_par' dir='ltr' id='par_1_6' title="bbox 190 2542 2006 2739">
     <span class='ocr_line' id='line_1_21' title="bbox 322 2542 2006 2630; baseline 0.002 -22"><span class='ocrx_word' id='word_1_215' title='bbox 322 2563 388 2630; x_wconf 91' lang='lat' dir='ltr'><strong>cap.</strong></span> <span class='ocrx_word' id='word_1_216' title='bbox 405 2546 462 2626; x_wconf 89' lang='grc'><strong>34,</strong></span> <span class='ocrx_word' id='word_1_217' title='bbox 483 2542 541 2607; x_wconf 73' lang='lat' dir='ltr'><strong>ld</strong></span> <span class='ocrx_word' id='word_1_218' title='bbox 564 2544 701 2628; x_wconf 85' lang='lat' dir='ltr'><strong>simplici</strong></span> <span class='ocrx_word' id='word_1_219' title='bbox 723 2543 821 2607; x_wconf 90' lang='lat' dir='ltr'><strong>verbo</strong></span> <span class='ocrx_word' id='word_1_220' title='bbox 845 2543 955 2607; x_wconf 83' lang='lat' dir='ltr'>cedere</span> <span class='ocrx_word' id='word_1_221' title='bbox 979 2543 1095 2608; x_wconf 85' lang='lat' dir='ltr'><strong>debere</strong></span> <span class='ocrx_word' id='word_1_222' title='bbox 1115 2549 1250 2627; x_wconf 89' lang='lat' dir='ltr'><strong>uterque</strong></span> <span class='ocrx_word' id='word_1_223' title='bbox 1275 2544 1387 2608; x_wconf 90' lang='lat' dir='ltr'><strong>doctus</strong></span> <span class='ocrx_word' id='word_1_224' title='bbox 1409 2550 1493 2608; x_wconf 90' lang='lat' dir='ltr'><strong>recte</strong></span> <span class='ocrx_word' id='word_1_225' title='bbox 1517 2545 1707 2609; x_wconf 71' lang='lat' dir='ltr'><strong>observavit:</strong></span> <span class='ocrx_word' id='word_1_226' title='bbox 1740 2549 1824 2630; x_wconf 89' lang='lat' dir='ltr'><strong>post,</strong></span> <span class='ocrx_word' id='word_1_227' title='bbox 1851 2546 1871 2609; x_wconf 87' lang='lat' dir='ltr'><strong>l.</strong></span> <span class='ocrx_word' id='word_1_228' title='bbox 1887 2547 1943 2629; x_wconf 88' lang='grc'><strong>14,</strong></span> <span class='ocrx_word' id='word_1_229' title='bbox 1966 2567 2006 2611; x_wconf 86' lang='lat' dir='ltr'><strong>ex</strong></span> 
     </span>
     <span class='ocr_line' id='line_1_22' title="bbox 190 2644 2006 2739; baseline 0.001 -23"><span class='ocrx_word' id='word_1_230' title='bbox 190 2650 354 2716; x_wconf 81' lang='lat' dir='ltr'><strong>codicibus</strong></span> <span class='ocrx_word' id='word_1_231' title='bbox 380 2648 491 2715; x_wconf 77' lang='grc' dir='ltr'><strong><em>πολλὰ</em></strong></span> <span class='ocrx_word' id='word_1_232' title='bbox 516 2646 577 2733; x_wconf 86' lang='grc' dir='ltr'><strong>μέν</strong></span> <span class='ocrx_word' id='word_1_233' title='bbox 604 2647 742 2735; x_wconf 83' lang='grc' dir='ltr'><strong><em>δρῶντες</em></strong></span> <span class='ocrx_word' id='word_1_234' title='bbox 769 2648 867 2713; x_wconf 84' lang='grc' dir='ltr'><strong><em>κατὰ</em></strong></span> <span class='ocrx_word' id='word_1_235' title='bbox 890 2659 957 2735; x_wconf 77' lang='grc' dir='ltr'><strong>γῆν</strong></span> <span class='ocrx_word' id='word_1_236' title='bbox 979 2648 1067 2713; x_wconf 86' lang='grc' dir='ltr'><strong><em>κακὰ</em></strong></span> <span class='ocrx_word' id='word_1_237' title='bbox 1090 2649 1165 2726; x_wconf 85' lang='grc' dir='ltr'><strong><em>τοὺς</em></strong></span> <span class='ocrx_word' id='word_1_238' title='bbox 1186 2644 1395 2739; x_wconf 75' lang='grc' dir='ltr'><strong><em>Ἀθηναίους,</em></strong></span> <span class='ocrx_word' id='word_1_239' title='bbox 1424 2651 1539 2714; x_wconf 89' lang='lat' dir='ltr'><strong>deinde</strong></span> <span class='ocrx_word' id='word_1_240' title='bbox 1562 2651 1581 2714; x_wconf 89' lang='lat' dir='ltr'><strong>l.</strong></span> <span class='ocrx_word' id='word_1_241' title='bbox 1597 2653 1638 2715; x_wconf 88' lang='grc'><strong>21</strong></span> <span class='ocrx_word' id='word_1_242' title='bbox 1663 2644 1719 2727; x_wconf 81' lang='grc' dir='ltr'><strong>εἰς</strong></span> <span class='ocrx_word' id='word_1_243' title='bbox 1741 2645 1853 2735; x_wconf 81' lang='grc' dir='ltr'><strong><em>ἰατρὸν</em></strong></span> <span class='ocrx_word' id='word_1_244' title='bbox 1876 2658 1907 2716; x_wconf 89' lang='lat' dir='ltr'><strong>et</strong></span> <span class='ocrx_word' id='word_1_245' title='bbox 1928 2653 1947 2716; x_wconf 89' lang='lat' dir='ltr'><strong>l.</strong></span> <span class='ocrx_word' id='word_1_246' title='bbox 1964 2656 2006 2718; x_wconf 87' lang='grc'><strong>24</strong></span> 
     </span>
    </p>
   </div>
   <div class='ocr_carea' id='block_1_6' title="bbox 192 2752 2006 2842">
    <p class='ocr_par' dir='ltr' id='par_1_7' title="bbox 192 2752 2006 2842">
     <span class='ocr_line' id='line_1_23' title="bbox 192 2752 2006 2842; baseline 0.002 -22"><span class='ocrx_word' id='word_1_247' title='bbox 192 2752 418 2842; x_wconf 80' lang='grc' dir='ltr'><strong><em>ἀπεργάζεται</em></strong></span> <span class='ocrx_word' id='word_1_248' title='bbox 436 2758 618 2841; x_wconf 90' lang='lat' dir='ltr'><strong>recipienda</strong></span> <span class='ocrx_word' id='word_1_249' title='bbox 636 2776 704 2821; x_wconf 91' lang='lat' dir='ltr'><strong>esse</strong></span> <span class='ocrx_word' id='word_1_250' title='bbox 722 2759 857 2839; x_wconf 88' lang='lat' dir='ltr'><strong>notavit,</strong></span> <span class='ocrx_word' id='word_1_251' title='bbox 875 2759 1140 2841; x_wconf 85' lang='lat' dir='ltr'><strong>praepositionem</strong></span> <span class='ocrx_word' id='word_1_252' title='bbox 1160 2764 1267 2822; x_wconf 89' lang='lat' dir='ltr'><strong>autem</strong></span> <span class='ocrx_word' id='word_1_253' title='bbox 1286 2759 1320 2821; x_wconf 93' lang='lat' dir='ltr'><strong>in</strong></span> <span class='ocrx_word' id='word_1_254' title='bbox 1338 2757 1438 2822; x_wconf 86' lang='lat' dir='ltr'><strong>verbo</strong></span> <span class='ocrx_word' id='word_1_255' title='bbox 1458 2754 1730 2833; x_wconf 74' lang='grc' dir='ltr'><strong><em>ἀναπεισθέντες</em></strong></span> <span class='ocrx_word' id='word_1_256' title='bbox 1748 2758 1914 2823; x_wconf 83' lang='lat' dir='ltr'><strong>delendam</strong></span> <span class='ocrx_word' id='word_1_257' title='bbox 1938 2779 2006 2824; x_wconf 89' lang='lat' dir='ltr'><strong>esse</strong></span> 
     </span>
    </p>
   </div>
   <div class='ocr_carea' id='block_1_7' title="bbox 186 2862 2006 4349">
    <p class='ocr_par' dir='ltr' id='par_1_8' title="bbox 192 2862 866 2949">
     <span class='ocr_line' id='line_1_24' title="bbox 192 2862 866 2949; baseline -0.001 -20"><span class='ocrx_word' id='word_1_258' title='bbox 192 2869 228 2929; x_wconf 91' lang='lat' dir='ltr'><strong>ut</strong></span> <span class='ocrx_word' id='word_1_259' title='bbox 250 2862 403 2929; x_wconf 79' lang='lat' dir='ltr'><strong>(lebetum</strong></span> <span class='ocrx_word' id='word_1_260' title='bbox 424 2866 469 2928; x_wconf 88' lang='lat' dir='ltr'><strong>ita</strong></span> <span class='ocrx_word' id='word_1_261' title='bbox 490 2863 666 2949; x_wconf 77' lang='lat' dir='ltr'><strong>Bergidum</strong></span> <span class='ocrx_word' id='word_1_262' title='bbox 690 2883 755 2927; x_wconf 91' lang='lat' dir='ltr'><strong>non</strong></span> <span class='ocrx_word' id='word_1_263' title='bbox 778 2865 866 2948; x_wconf 82' lang='lat' dir='ltr'><strong>fugit</strong></span> 
     </span>
    </p>

    <p class='ocr_par' dir='ltr' id='par_1_9' title="bbox 186 2982 2006 3821">
     <span class='ocr_line' id='line_1_25' title="bbox 324 2982 2006 3076; baseline 0.001 -23"><span class='ocrx_word' id='word_1_264' title='bbox 324 2987 396 3074; x_wconf 81' lang='lat' dir='ltr'><strong>Cap.</strong></span> <span class='ocrx_word' id='word_1_265' title='bbox 416 2989 457 3052; x_wconf 82' lang='lat'><strong>36</strong></span> <span class='ocrx_word' id='word_1_266' title='bbox 485 2991 520 3052; x_wconf 93' lang='lat' dir='ltr'><strong>in</strong></span> <span class='ocrx_word' id='word_1_267' title='bbox 547 2990 650 3052; x_wconf 91' lang='lat' dir='ltr'><strong>initio:</strong></span> <span class='ocrx_word' id='word_1_268' title='bbox 684 2987 725 3050; x_wconf 85' lang='grc' dir='ltr'><strong><em>τὰ</em></strong></span> <span class='ocrx_word' id='word_1_269' title='bbox 756 2985 816 3070; x_wconf 90' lang='grc' dir='ltr'><strong>μέν</strong></span> <span class='ocrx_word' id='word_1_270' title='bbox 848 2982 904 3052; x_wconf 84' lang='grc' dir='ltr'><strong>οὑν</strong></span> <span class='ocrx_word' id='word_1_271' title='bbox 936 2985 1078 3076; x_wconf 90' lang='grc' dir='ltr'><strong><em>δημόσια</em></strong></span> <span class='ocrx_word' id='word_1_272' title='bbox 1105 2985 1226 3069; x_wconf 87' lang='grc' dir='ltr'><strong><em>ταχέως</em></strong></span> <span class='ocrx_word' id='word_1_273' title='bbox 1252 2982 1365 3070; x_wconf 81' lang='grc' dir='ltr'><strong><em>έμελλε</em></strong></span> <span class='ocrx_word' id='word_1_274' title='bbox 1391 2987 1586 3053; x_wconf 73' lang='grc' dir='ltr'><strong><em>παύσεσθαι</em></strong></span> <span class='ocrx_word' id='word_1_275' title='bbox 1613 2986 1772 3074; x_wconf 70' lang='grc' dir='ltr'><strong><em>καθάπερ</em></strong></span> <span class='ocrx_word' id='word_1_276' title='bbox 1800 2986 1930 3075; x_wconf 86' lang='grc' dir='ltr'><strong><em>κέντρον</em></strong></span> <span class='ocrx_word' id='word_1_277' title='bbox 1958 2985 2006 3068; x_wconf 80' lang='grc' dir='ltr'><strong>εἰς</strong></span> 
     </span>
     <span class='ocr_line' id='line_1_26' title="bbox 188 3092 2004 3183; baseline 0.001 -24"><span class='ocrx_word' id='word_1_278' title='bbox 188 3103 302 3160; x_wconf 79' lang='grc' dir='ltr'><strong><em>τοῦτον</em></strong></span> <span class='ocrx_word' id='word_1_279' title='bbox 333 3094 403 3177; x_wconf 85' lang='grc' dir='ltr'><strong><em>ὑίμα</em></strong></span> <span class='ocrx_word' id='word_1_280' title='bbox 432 3094 543 3183; x_wconf 61' lang='grc' dir='ltr'><strong><em>πληγῇ</em></strong></span> <span class='ocrx_word' id='word_1_281' title='bbox 575 3093 631 3158; x_wconf 85' lang='grc' dir='ltr'><strong>τὸν</strong></span> <span class='ocrx_word' id='word_1_282' title='bbox 662 3095 770 3177; x_wconf 72' lang='grc' dir='ltr'><strong><em>θυμὸν</em></strong></span> <span class='ocrx_word' id='word_1_283' title='bbox 803 3092 987 3181; x_wconf 80' lang='grc' dir='ltr'><strong><em>ἀφεικότων</em></strong></span> <span class='ocrx_word' id='word_1_284' title='bbox 1018 3103 1082 3158; x_wconf 86' lang='grc' dir='ltr'><strong>τῶν</strong></span> <span class='ocrx_word' id='word_1_285' title='bbox 1112 3094 1245 3159; x_wconf 82' lang='grc' dir='ltr'><strong><em>πολλῶν</em></strong></span> <span class='ocrx_word' id='word_1_286' title='bbox 1271 3117 1290 3160; x_wconf 88' lang='lat' dir='ltr'><strong>a</strong></span> <span class='ocrx_word' id='word_1_287' title='bbox 1316 3096 1445 3160; x_wconf 88' lang='lat' dir='ltr'><strong>librario</strong></span> <span class='ocrx_word' id='word_1_288' title='bbox 1473 3102 1546 3160; x_wconf 89' lang='lat' dir='ltr'><strong>ante</strong></span> <span class='ocrx_word' id='word_1_289' title='bbox 1574 3093 1732 3180; x_wconf 74' lang='grc' dir='ltr'><strong><em>καθάπερ</em></strong></span> <span class='ocrx_word' id='word_1_290' title='bbox 1760 3097 1799 3161; x_wconf 92' lang='lat' dir='ltr'><strong>ob</strong></span> <span class='ocrx_word' id='word_1_291' title='bbox 1827 3094 2004 3161; x_wconf 76' lang='lat' dir='ltr'><strong>litterdrum</strong></span> 
     </span>
     <span class='ocr_line' id='line_1_27' title="bbox 188 3196 2003 3279; baseline 0.001 -11"><span class='ocrx_word' id='word_1_292' title='bbox 188 3201 432 3268; x_wconf 86' lang='lat' dir='ltr'><strong>similitudinem</strong></span> <span class='ocrx_word' id='word_1_293' title='bbox 460 3200 561 3265; x_wconf 85' lang='grc' dir='ltr'><strong><em>κακὰ</em></strong></span> <span class='ocrx_word' id='word_1_294' title='bbox 589 3203 743 3266; x_wconf 89' lang='lat' dir='ltr'><strong>omissum</strong></span> <span class='ocrx_word' id='word_1_295' title='bbox 771 3222 836 3266; x_wconf 92' lang='lat' dir='ltr'><strong>non</strong></span> <span class='ocrx_word' id='word_1_296' title='bbox 864 3205 933 3273; x_wconf 85' lang='lat' dir='ltr'><strong>sine</strong></span> <span class='ocrx_word' id='word_1_297' title='bbox 961 3223 1057 3266; x_wconf 88' lang='lat' dir='ltr'><strong>causa</strong></span> <span class='ocrx_word' id='word_1_298' title='bbox 1083 3204 1230 3267; x_wconf 89' lang='lat' dir='ltr'><strong>coniecit:</strong></span> <span class='ocrx_word' id='word_1_299' title='bbox 1263 3204 1401 3267; x_wconf 83' lang='lat' dir='ltr'><strong>haesisse</strong></span> <span class='ocrx_word' id='word_1_300' title='bbox 1428 3223 1461 3267; x_wconf 91' lang='lat' dir='ltr'><strong>se</strong></span> <span class='ocrx_word' id='word_1_301' title='bbox 1489 3205 1582 3266; x_wconf 92' lang='lat' dir='ltr'><strong>etiam</strong></span> <span class='ocrx_word' id='word_1_302' title='bbox 1615 3205 1648 3266; x_wconf 91' lang='lat' dir='ltr'><strong>in</strong></span> <span class='ocrx_word' id='word_1_303' title='bbox 1677 3196 1724 3279; x_wconf 83' lang='grc' dir='ltr'><strong>εἰς</strong></span> <span class='ocrx_word' id='word_1_304' title='bbox 1750 3211 1862 3266; x_wconf 81' lang='grc' dir='ltr'><strong><em>τοῦτον</em></strong></span> <span class='ocrx_word' id='word_1_305' title='bbox 1895 3210 2003 3270; x_wconf 84' lang='lat' dir='ltr'><strong>notato</strong></span> 
     </span>
     <span class='ocr_line' id='line_1_28' title="bbox 186 3308 2003 3396; baseline 0.001 -23"><span class='ocrx_word' id='word_1_306' title='bbox 186 3309 342 3375; x_wconf 90' lang='lat' dir='ltr'><strong>vocabulo</strong></span> <span class='ocrx_word' id='word_1_307' title='bbox 364 3308 525 3394; x_wconf 84' lang='lat' dir='ltr'><strong>Bergkius</strong></span> <span class='ocrx_word' id='word_1_308' title='bbox 547 3309 706 3372; x_wconf 84' lang='lat' dir='ltr'><strong>indicavit</strong></span> <span class='ocrx_word' id='word_1_309' title='bbox 743 3309 866 3373; x_wconf 89' lang='lat' dir='ltr'><strong>Ibidem</strong></span> <span class='ocrx_word' id='word_1_310' title='bbox 891 3309 977 3392; x_wconf 90' lang='lat' dir='ltr'><strong>quod</strong></span> <span class='ocrx_word' id='word_1_311' title='bbox 999 3309 1142 3374; x_wconf 90' lang='lat' dir='ltr'><strong>Blassius</strong></span> <span class='ocrx_word' id='word_1_312' title='bbox 1165 3330 1182 3374; x_wconf 91' lang='grc' dir='ltr'><strong>ε</strong></span> <span class='ocrx_word' id='word_1_313' title='bbox 1206 3312 1388 3374; x_wconf 89' lang='lat' dir='ltr'><strong>coniectura</strong></span> <span class='ocrx_word' id='word_1_314' title='bbox 1411 3310 1498 3375; x_wconf 90' lang='lat' dir='ltr'><strong>dedit</strong></span> <span class='ocrx_word' id='word_1_315' title='bbox 1519 3310 1539 3372; x_wconf 84' lang='grc'><strong>1.</strong></span> <span class='ocrx_word' id='word_1_316' title='bbox 1556 3312 1590 3373; x_wconf 86' lang='grc'><strong>5;</strong></span> <span class='ocrx_word' id='word_1_317' title='bbox 1615 3308 1632 3372; x_wconf 88' lang='grc' dir='ltr'><strong><em>ὑ</em></strong></span> <span class='ocrx_word' id='word_1_318' title='bbox 1656 3308 1716 3395; x_wconf 78' lang='grc' dir='ltr'><strong>γὰρ</strong></span> <span class='ocrx_word' id='word_1_319' title='bbox 1738 3309 2003 3396; x_wconf 82' lang='grc' dir='ltr'><strong><em>πρεσβύτερος</em></strong></span> 
     </span>
     <span class='ocr_line' id='line_1_29' title="bbox 188 3408 2001 3502; baseline 0.001 -23"><span class='ocrx_word' id='word_1_320' title='bbox 188 3411 383 3480; x_wconf 75' lang='grc' dir='ltr'><strong><em>αὐτῶντῶν</em></strong></span> <span class='ocrx_word' id='word_1_321' title='bbox 410 3409 551 3502; x_wconf 90' lang='grc' dir='ltr'><strong><em>γνησίων</em></strong></span> <span class='ocrx_word' id='word_1_322' title='bbox 576 3408 655 3478; x_wconf 74' lang='grc' dir='ltr'><strong><em>υἱῶν</em></strong></span> <span class='ocrx_word' id='word_1_323' title='bbox 682 3436 738 3500; x_wconf 89' lang='lat' dir='ltr'><strong>pro</strong></span> <span class='ocrx_word' id='word_1_324' title='bbox 767 3416 970 3501; x_wconf 88' lang='lat' dir='ltr'><strong>superlativo,</strong></span> <span class='ocrx_word' id='word_1_325' title='bbox 997 3417 1059 3479; x_wconf 92' lang='lat' dir='ltr'><strong>hoc</strong></span> <span class='ocrx_word' id='word_1_326' title='bbox 1086 3419 1181 3480; x_wconf 89' lang='lat' dir='ltr'><strong>etiam</strong></span> <span class='ocrx_word' id='word_1_327' title='bbox 1207 3416 1366 3501; x_wconf 85' lang='lat' dir='ltr'><strong>Bergkius</strong></span> <span class='ocrx_word' id='word_1_328' title='bbox 1393 3417 1566 3501; x_wconf 84' lang='lat' dir='ltr'><strong>adscripsit</strong></span> <span class='ocrx_word' id='word_1_329' title='bbox 1616 3415 1746 3480; x_wconf 89' lang='lat' dir='ltr'><strong>Notavit</strong></span> <span class='ocrx_word' id='word_1_330' title='bbox 1772 3416 1832 3481; x_wconf 89' lang='grc'><strong>1.9</strong></span> <span class='ocrx_word' id='word_1_331' title='bbox 1860 3410 2001 3502; x_wconf 87' lang='grc' dir='ltr'><strong><em>γλίσχρα,</em></strong></span> 
     </span>
     <span class='ocr_line' id='line_1_30' title="bbox 191 3516 2002 3608; baseline 0.001 -22"><span class='ocrx_word' id='word_1_332' title='bbox 191 3522 276 3606; x_wconf 89' lang='lat' dir='ltr'><strong>quod</strong></span> <span class='ocrx_word' id='word_1_333' title='bbox 300 3523 336 3587; x_wconf 89' lang='lat' dir='ltr'><strong>in</strong></span> <span class='ocrx_word' id='word_1_334' title='bbox 362 3516 518 3608; x_wconf 88' lang='grc' dir='ltr'><strong><em>γλίσχρως</em></strong></span> <span class='ocrx_word' id='word_1_335' title='bbox 544 3524 680 3586; x_wconf 87' lang='lat' dir='ltr'><strong>mutavit</strong></span> <span class='ocrx_word' id='word_1_336' title='bbox 703 3522 853 3604; x_wconf 82' lang='lat' dir='ltr'><strong>Cobetus,</strong></span> <span class='ocrx_word' id='word_1_337' title='bbox 880 3525 1017 3586; x_wconf 88' lang='lat' dir='ltr'><strong>correxit</strong></span> <span class='ocrx_word' id='word_1_338' title='bbox 1039 3523 1058 3586; x_wconf 94' lang='lat' dir='ltr'><strong>l.</strong></span> <span class='ocrx_word' id='word_1_339' title='bbox 1076 3525 1117 3586; x_wconf 91' lang='grc'><strong>15</strong></span> <span class='ocrx_word' id='word_1_340' title='bbox 1145 3522 1220 3600; x_wconf 81' lang='grc' dir='ltr'><strong><em>τοὺς</em></strong></span> <span class='ocrx_word' id='word_1_341' title='bbox 1242 3522 1367 3607; x_wconf 88' lang='grc' dir='ltr'><strong><em>λόγους,</em></strong></span> <span class='ocrx_word' id='word_1_342' title='bbox 1397 3516 1451 3600; x_wconf 77' lang='grc' dir='ltr'><strong><em>οὓς</em></strong></span> <span class='ocrx_word' id='word_1_343' title='bbox 1473 3519 1651 3586; x_wconf 88' lang='grc' dir='ltr'><strong><em>ἐποιεῖτο</em></strong></span> <span class='ocrx_word' id='word_1_344' title='bbox 1675 3526 1747 3607; x_wconf 82' lang='lat' dir='ltr'><strong>(pro</strong></span> <span class='ocrx_word' id='word_1_345' title='bbox 1771 3516 1895 3605; x_wconf 88' lang='grc' dir='ltr'><strong><em>ἐποίει)</em></strong></span> <span class='ocrx_word' id='word_1_346' title='bbox 1918 3524 2002 3604; x_wconf 83' lang='grc' dir='ltr'><strong><em>μετὰ</em></strong></span> 
     </span>
     <span class='ocr_line' id='line_1_31' title="bbox 190 3626 2000 3717; baseline 0.001 -26"><span class='ocrx_word' id='word_1_347' title='bbox 190 3639 255 3691; x_wconf 78' lang='grc' dir='ltr'><strong>τῶν</strong></span> <span class='ocrx_word' id='word_1_348' title='bbox 279 3642 457 3717; x_wconf 77' lang='grc' dir='ltr'><strong><em>σοφιστῶν,</em></strong></span> <span class='ocrx_word' id='word_1_349' title='bbox 482 3635 519 3694; x_wconf 91' lang='lat' dir='ltr'><strong>ut</strong></span> <span class='ocrx_word' id='word_1_350' title='bbox 540 3629 625 3693; x_wconf 91' lang='lat' dir='ltr'><strong>idem</strong></span> <span class='ocrx_word' id='word_1_351' title='bbox 648 3629 701 3693; x_wconf 87' lang='lat' dir='ltr'><strong>ille</strong></span> <span class='ocrx_word' id='word_1_352' title='bbox 723 3631 909 3711; x_wconf 78' lang='lat' dir='ltr'><strong>rectissime,</strong></span> <span class='ocrx_word' id='word_1_353' title='bbox 932 3632 1089 3712; x_wconf 84' lang='lat' dir='ltr'><strong>expunxit</strong></span> <span class='ocrx_word' id='word_1_354' title='bbox 1106 3631 1178 3694; x_wconf 87' lang='lat' dir='ltr'><strong>ll2</strong></span> <span class='ocrx_word' id='word_1_355' title='bbox 1199 3629 1263 3694; x_wconf 89' lang='grc' dir='ltr'><strong><em>ό</em></strong></span> <span class='ocrx_word' id='word_1_356' title='bbox 1235 3628 1443 3706; x_wconf 74' lang='grc' dir='ltr'><strong><em>Ξάνθιππος</em></strong></span> <span class='ocrx_word' id='word_1_357' title='bbox 1460 3637 1497 3695; x_wconf 91' lang='lat' dir='ltr'><strong>ut</strong></span> <span class='ocrx_word' id='word_1_358' title='bbox 1513 3630 1670 3714; x_wconf 84' lang='lat' dir='ltr'><strong>glossema</strong></span> <span class='ocrx_word' id='word_1_359' title='bbox 1686 3636 1757 3714; x_wconf 90' lang='lat' dir='ltr'><strong>post</strong></span> <span class='ocrx_word' id='word_1_360' title='bbox 1744 3628 1812 3693; x_wconf 78' lang='grc' dir='ltr'><strong>1τὺ</strong></span> <span class='ocrx_word' id='word_1_361' title='bbox 1831 3626 1868 3693; x_wconf 86' lang='grc' dir='ltr'><strong><em>δέ</em></strong></span> <span class='ocrx_word' id='word_1_362' title='bbox 1884 3628 2000 3715; x_wconf 85' lang='grc' dir='ltr'><strong><em>μειρά-</em></strong></span> 
     </span>
     <span class='ocr_line' id='line_1_32' title="bbox 190 3736 824 3821; baseline 0 -22"><span class='ocrx_word' id='word_1_363' title='bbox 190 3757 265 3800; x_wconf 89' lang='grc' dir='ltr'><strong><em>κιον</em></strong></span> <span class='ocrx_word' id='word_1_364' title='bbox 286 3738 353 3802; x_wconf 89' lang='lat' dir='ltr'><strong>sine</strong></span> <span class='ocrx_word' id='word_1_365' title='bbox 375 3736 521 3821; x_wconf 89' lang='lat' dir='ltr'><strong>exemplo</strong></span> <span class='ocrx_word' id='word_1_366' title='bbox 546 3737 683 3801; x_wconf 88' lang='lat' dir='ltr'><strong>hominis</strong></span> <span class='ocrx_word' id='word_1_367' title='bbox 705 3736 824 3800; x_wconf 87' lang='lat' dir='ltr'><strong>Batavi</strong></span> 
     </span>
    </p>

    <p class='ocr_par' dir='ltr' id='par_1_10' title="bbox 186 3835 2004 4349">
     <span class='ocr_line' id='line_1_33' title="bbox 322 3835 2004 3930; baseline 0 -22"><span class='ocrx_word' id='word_1_368' title='bbox 322 3840 501 3930; x_wconf 82' lang='lat' dir='ltr'><strong>Madvigius</strong></span> <span class='ocrx_word' id='word_1_369' title='bbox 534 3844 620 3928; x_wconf 89' lang='lat' dir='ltr'><strong>quod</strong></span> <span class='ocrx_word' id='word_1_370' title='bbox 652 3862 717 3928; x_wconf 85' lang='lat' dir='ltr'><strong>cap.</strong></span> <span class='ocrx_word' id='word_1_371' title='bbox 735 3845 790 3926; x_wconf 84' lang='grc'>37,</span> <span class='ocrx_word' id='word_1_372' title='bbox 818 3844 837 3906; x_wconf 97' lang='lat' dir='ltr'><strong>l</strong></span> <span class='ocrx_word' id='word_1_373' title='bbox 855 3844 932 3906; x_wconf 89' lang='lat'><strong>11·</strong></span> <span class='ocrx_word' id='word_1_374' title='bbox 924 3865 958 3907; x_wconf 91' lang='lat' dir='ltr'><strong>m</strong></span> <span class='ocrx_word' id='word_1_375' title='bbox 985 3842 1141 3908; x_wconf 86' lang='lat' dir='ltr'><strong>verbis‘</strong></span> <span class='ocrx_word' id='word_1_376' title='bbox 1121 3868 1165 3920; x_wconf 90' lang='grc' dir='ltr'><strong><em>ως</em></strong></span> <span class='ocrx_word' id='word_1_377' title='bbox 1193 3844 1239 3930; x_wconf 80' lang='grc' dir='ltr'><strong>μὴ</strong></span> <span class='ocrx_word' id='word_1_378' title='bbox 1266 3842 1485 3908; x_wconf 86' lang='grc' dir='ltr'><strong><em>παντάπασιν</em></strong></span> <span class='ocrx_word' id='word_1_379' title='bbox 1511 3838 1629 3930; x_wconf 78' lang='grc' dir='ltr'><strong><em>ἐρημίη</em></strong></span> <span class='ocrx_word' id='word_1_380' title='bbox 1657 3841 1809 3930; x_wconf 73' lang='grc' dir='ltr'><strong><em>διαδοχῆς</em></strong></span> <span class='ocrx_word' id='word_1_381' title='bbox 1835 3835 1945 3907; x_wconf 88' lang='grc' dir='ltr'><strong>τὸν</strong></span> <span class='ocrx_word' id='word_1_382' title='bbox 1914 3867 2004 3910; x_wconf 87' lang='grc' dir='ltr'><strong><em>οικον</em></strong></span> 
     </span>
     <span class='ocr_line' id='line_1_34' title="bbox 186 3941 2003 4077; baseline 0.002 -64"><span class='ocrx_word' id='word_1_383' title='bbox 186 3943 322 4013; x_wconf 87' lang='grc' dir='ltr'><strong><em>ἐκλίποι</em></strong></span> <span class='ocrx_word' id='word_1_384' title='bbox 353 3945 491 4033; x_wconf 81' lang='grc' dir='ltr'><strong><em>τούνομα</em></strong></span> <span class='ocrx_word' id='word_1_385' title='bbox 524 3946 580 4013; x_wconf 82' lang='grc' dir='ltr'><strong>καὶ</strong></span> <span class='ocrx_word' id='word_1_386' title='bbox 611 3949 649 4013; x_wconf 90' lang='grc' dir='ltr'><strong><em>τὸ</em></strong></span> <span class='ocrx_word' id='word_1_387' title='bbox 682 3946 771 4033; x_wconf 89' lang='grc' dir='ltr'><strong><em>γένος</em></strong></span> <span class='ocrx_word' id='word_1_388' title='bbox 803 3951 894 4014; x_wconf 89' lang='lat' dir='ltr'><strong>uncis</strong></span> <span class='ocrx_word' id='word_1_389' title='bbox 922 3951 1127 4035; x_wconf 88' lang='lat' dir='ltr'><strong>saepiendum</strong></span> <span class='ocrx_word' id='word_1_390' title='bbox 1155 3953 1254 4015; x_wconf 91' lang='lat' dir='ltr'><strong>suasit</strong></span> <span class='ocrx_word' id='word_1_391' title='bbox 1280 3949 1336 4014; x_wconf 88' lang='grc' dir='ltr'><strong>τὸν</strong></span> <span class='ocrx_word' id='word_1_392' title='bbox 1363 3941 1465 4028; x_wconf 83' lang='grc' dir='ltr'><strong><em>οἶκον,</em></strong></span> <span class='ocrx_word' id='word_1_393' title='bbox 1498 3951 1558 4014; x_wconf 86' lang='lat' dir='ltr'><strong>hac</strong></span> <span class='ocrx_word' id='word_1_394' title='bbox 1584 3969 1619 4014; x_wconf 90' lang='lat' dir='ltr'><strong>re</strong></span> <span class='ocrx_word' id='word_1_395' title='bbox 1646 3950 1752 4013; x_wconf 89' lang='lat' dir='ltr'><strong>locum</strong></span> <span class='ocrx_word' id='word_1_396' title='bbox 1780 3954 1884 4015; x_wconf 89' lang='lat' dir='ltr'><strong>sanari</strong></span> <span class='ocrx_word' id='word_1_397' title='bbox 1911 3971 2003 4077; x_wconf 87' lang='lat' dir='ltr'><strong>posse</strong></span> 
     </span>
     <span class='ocr_line' id='line_1_35' title="bbox 187 4046 2002 4142; baseline 0.001 -22"><span class='ocrx_word' id='word_1_398' title='bbox 187 4075 384 4140; x_wconf 87' lang='lat' dir='ltr'><strong>quamquam</strong></span> <span class='ocrx_word' id='word_1_399' title='bbox 405 4055 561 4142; x_wconf 84' lang='lat' dir='ltr'><strong>Bergkius</strong></span> <span class='ocrx_word' id='word_1_400' title='bbox 590 4076 717 4141; x_wconf 90' lang='lat' dir='ltr'><strong>quoque</strong></span> <span class='ocrx_word' id='word_1_401' title='bbox 745 4057 913 4140; x_wconf 85' lang='lat' dir='ltr'><strong>intellexit,</strong></span> <span class='ocrx_word' id='word_1_402' title='bbox 941 4063 1046 4121; x_wconf 84' lang='lat' dir='ltr'><strong>tamen</strong></span> <span class='ocrx_word' id='word_1_403' title='bbox 1074 4077 1139 4122; x_wconf 92' lang='lat' dir='ltr'><strong>non</strong></span> <span class='ocrx_word' id='word_1_404' title='bbox 1167 4059 1275 4121; x_wconf 90' lang='lat' dir='ltr'><strong>minus</strong></span> <span class='ocrx_word' id='word_1_405' title='bbox 1302 4063 1386 4122; x_wconf 89' lang='lat' dir='ltr'><strong>recte</strong></span> <span class='ocrx_word' id='word_1_406' title='bbox 1412 4054 1505 4142; x_wconf 80' lang='grc' dir='ltr'><strong><em>περὶ</em></strong></span> <span class='ocrx_word' id='word_1_407' title='bbox 1535 4046 1649 4119; x_wconf 89' lang='grc' dir='ltr'><strong>τὸν</strong></span> <span class='ocrx_word' id='word_1_408' title='bbox 1617 4077 1708 4120; x_wconf 88' lang='grc' dir='ltr'><strong><em>οικον</em></strong></span> <span class='ocrx_word' id='word_1_409' title='bbox 1729 4056 1781 4121; x_wconf 91' lang='lat' dir='ltr'><strong>vel</strong></span> <span class='ocrx_word' id='word_1_410' title='bbox 1803 4065 1871 4121; x_wconf 81' lang='grc' dir='ltr'><strong><em>τοῦ</em></strong></span> <span class='ocrx_word' id='word_1_411' title='bbox 1892 4050 2002 4122; x_wconf 87' lang='grc' dir='ltr'><strong><em>οίκου</em></strong></span> 
     </span>
     <span class='ocr_line' id='line_1_36' title="bbox 187 4157 2001 4250; baseline 0.001 -24"><span class='ocrx_word' id='word_1_412' title='bbox 187 4162 282 4226; x_wconf 86' lang='lat' dir='ltr'><strong>scribi</strong></span> <span class='ocrx_word' id='word_1_413' title='bbox 308 4181 403 4247; x_wconf 87' lang='lat' dir='ltr'><strong>posse</strong></span> <span class='ocrx_word' id='word_1_414' title='bbox 430 4163 598 4228; x_wconf 86' lang='lat' dir='ltr'><strong>arbitratus</strong></span> <span class='ocrx_word' id='word_1_415' title='bbox 627 4170 681 4226; x_wconf 88' lang='lat' dir='ltr'><strong>est</strong></span> <span class='ocrx_word' id='word_1_416' title='bbox 727 4163 927 4227; x_wconf 86' lang='lat' dir='ltr'><strong>Adverbium</strong></span> <span class='ocrx_word' id='word_1_417' title='bbox 955 4161 1057 4244; x_wconf 79' lang='grc' dir='ltr'><strong><em>ὅμως</em></strong></span> <span class='ocrx_word' id='word_1_418' title='bbox 1084 4165 1207 4248; x_wconf 88' lang='lat' dir='ltr'><strong>putavit</strong></span> <span class='ocrx_word' id='word_1_419' title='bbox 1234 4164 1388 4229; x_wconf 82' lang='lat' dir='ltr'><strong>excidisse</strong></span> <span class='ocrx_word' id='word_1_420' title='bbox 1416 4169 1488 4228; x_wconf 88' lang='lat' dir='ltr'><strong>ante</strong></span> <span class='ocrx_word' id='word_1_421' title='bbox 1517 4163 1536 4250; x_wconf 75' lang='grc' dir='ltr'><em>ἦ</em></span> <span class='ocrx_word' id='word_1_422' title='bbox 1563 4171 1716 4249; x_wconf 85' lang='grc' dir='ltr'><strong><em>παροῦσα</em></strong></span> <span class='ocrx_word' id='word_1_423' title='bbox 1739 4157 1891 4244; x_wconf 89' lang='grc' dir='ltr'><strong><em>δυστυχία</em></strong></span> <span class='ocrx_word' id='word_1_424' title='bbox 1913 4164 1933 4227; x_wconf 89' lang='lat' dir='ltr'><strong>l.</strong></span> <span class='ocrx_word' id='word_1_425' title='bbox 1949 4166 2001 4244; x_wconf 83' lang='lat'><strong>24,</strong></span> 
     </span>
     <span class='ocr_line' id='line_1_37' title="bbox 186 4264 934 4349; baseline -0.001 -17"><span class='ocrx_word' id='word_1_426' title='bbox 186 4266 293 4334; x_wconf 86' lang='lat' dir='ltr'><strong>locum</strong></span> <span class='ocrx_word' id='word_1_427' title='bbox 315 4274 439 4334; x_wconf 77' lang='lat' dir='ltr'><strong>mutare</strong></span> <span class='ocrx_word' id='word_1_428' title='bbox 462 4272 555 4334; x_wconf 88' lang='lat' dir='ltr'><strong>iussit</strong></span> <span class='ocrx_word' id='word_1_429' title='bbox 576 4270 674 4334; x_wconf 85' lang='lat' dir='ltr'><strong>verba</strong></span> <span class='ocrx_word' id='word_1_430' title='bbox 696 4264 854 4349; x_wconf 85' lang='grc' dir='ltr'><strong><em>σχολαίως</em></strong></span> <span class='ocrx_word' id='word_1_431' title='bbox 877 4267 934 4332; x_wconf 85' lang='grc' dir='ltr'><strong>καὶ</strong></span> 
     </span>
    </p>
   </div>
   <div class='ocr_carea' id='block_1_8' title="bbox 183 4393 2001 5013">
    <p class='ocr_par' dir='ltr' id='par_1_11' title="bbox 183 4393 2001 5013">
     <span class='ocr_line' id='line_1_38' title="bbox 319 4393 1999 4479; baseline 0.001 -21"><span class='ocrx_word' id='word_1_432' title='bbox 319 4413 385 4479; x_wconf 90' lang='lat' dir='ltr'><strong>cap.</strong></span> <span class='ocrx_word' id='word_1_433' title='bbox 401 4397 457 4477; x_wconf 86' lang='lat'><strong>38,</strong></span> <span class='ocrx_word' id='word_1_434' title='bbox 485 4394 504 4457; x_wconf 93' lang='lat' dir='ltr'><strong>l.</strong></span> <span class='ocrx_word' id='word_1_435' title='bbox 520 4396 555 4457; x_wconf 88' lang='lat'><strong>4:</strong></span> <span class='ocrx_word' id='word_1_436' title='bbox 581 4396 697 4478; x_wconf 90' lang='lat' dir='ltr'><strong>optime</strong></span> <span class='ocrx_word' id='word_1_437' title='bbox 720 4400 826 4458; x_wconf 88' lang='lat' dir='ltr'><strong>autem</strong></span> <span class='ocrx_word' id='word_1_438' title='bbox 848 4393 1073 4479; x_wconf 84' lang='lat' dir='ltr'><strong>redintegravit</strong></span> <span class='ocrx_word' id='word_1_439' title='bbox 1093 4394 1191 4458; x_wconf 90' lang='lat' dir='ltr'><strong>finem</strong></span> <span class='ocrx_word' id='word_1_440' title='bbox 1214 4394 1357 4458; x_wconf 89' lang='lat' dir='ltr'><strong>eiusdem</strong></span> <span class='ocrx_word' id='word_1_441' title='bbox 1380 4396 1490 4479; x_wconf 85' lang='lat' dir='ltr'><strong>capitis</strong></span> <span class='ocrx_word' id='word_1_442' title='bbox 1512 4395 1600 4458; x_wconf 92' lang='lat' dir='ltr'><strong>hunc</strong></span> <span class='ocrx_word' id='word_1_443' title='bbox 1622 4397 1657 4458; x_wconf 92' lang='lat' dir='ltr'><strong>in</strong></span> <span class='ocrx_word' id='word_1_444' title='bbox 1679 4394 1812 4458; x_wconf 91' lang='lat' dir='ltr'><strong>modum</strong></span> <span class='ocrx_word' id='word_1_445' title='bbox 1835 4396 1999 4459; x_wconf 75' lang='lat' dir='ltr'><strong>nuditum:</strong></span> 
     </span>
     <span class='ocr_line' id='line_1_39' title="bbox 186 4494 2000 4588; baseline 0.001 -25"><span class='ocrx_word' id='word_1_446' title='bbox 186 4496 205 4564; x_wconf 89' lang='grc' dir='ltr'><strong><em>ό</em></strong></span> <span class='ocrx_word' id='word_1_447' title='bbox 227 4495 265 4563; x_wconf 85' lang='grc' dir='ltr'><strong><em>δέ</em></strong></span> <span class='ocrx_word' id='word_1_448' title='bbox 285 4507 391 4564; x_wconf 80' lang='grc' dir='ltr'><strong><em>πᾶσιν</em></strong></span> <span class='ocrx_word' id='word_1_449' title='bbox 413 4496 561 4586; x_wconf 81' lang='grc' dir='ltr'><strong><em>ἐτύγχανε</em></strong></span> <span class='ocrx_word' id='word_1_450' title='bbox 583 4500 640 4564; x_wconf 89' lang='grc' dir='ltr'><strong>τὸν</strong></span> <span class='ocrx_word' id='word_1_451' title='bbox 662 4509 735 4564; x_wconf 88' lang='grc' dir='ltr'><strong>νοὺν</strong></span> <span class='ocrx_word' id='word_1_452' title='bbox 756 4499 988 4587; x_wconf 77' lang='grc' dir='ltr'><strong><em>προσεσχηκώς</em></strong></span> <span class='ocrx_word' id='word_1_453' title='bbox 1010 4497 1066 4563; x_wconf 84' lang='grc' dir='ltr'><strong>καί</strong></span> <span class='ocrx_word' id='word_1_454' title='bbox 1090 4497 1314 4587; x_wconf 73' lang='grc' dir='ltr'><strong><em>φθεγξάμενος</em></strong></span> <span class='ocrx_word' id='word_1_455' title='bbox 1337 4496 1384 4577; x_wconf 81' lang='grc' dir='ltr'><strong>εἰς</strong></span> <span class='ocrx_word' id='word_1_456' title='bbox 1406 4498 1507 4582; x_wconf 92' lang='grc' dir='ltr'><strong><em>μέσον</em></strong></span> <span class='ocrx_word' id='word_1_457' title='bbox 1525 4494 1589 4588; x_wconf 77' lang='grc' dir='ltr'><strong>ἔφη</strong></span> <span class='ocrx_word' id='word_1_458' title='bbox 1608 4497 1803 4581; x_wconf 73' lang='grc' dir='ltr'><strong><em>θαυμάζειν,</em></strong></span> <span class='ocrx_word' id='word_1_459' title='bbox 1827 4499 1879 4564; x_wconf 82' lang='grc' dir='ltr'><strong>ὅτι</strong></span> <span class='ocrx_word' id='word_1_460' title='bbox 1898 4510 2000 4565; x_wconf 77' lang='grc' dir='ltr'><strong><em>ταῦτα</em></strong></span> 
     </span>
     <span class='ocr_line' id='line_1_40' title="bbox 185 4602 2000 4696; baseline 0.002 -26"><span class='ocrx_word' id='word_1_461' title='bbox 185 4602 245 4688; x_wconf 87' lang='grc' dir='ltr'><strong>μέν</strong></span> <span class='ocrx_word' id='word_1_462' title='bbox 272 4602 465 4671; x_wconf 84' lang='grc' dir='ltr'><strong><em>ἐπαινοῦσιν</em></strong></span> <span class='ocrx_word' id='word_1_463' title='bbox 491 4604 591 4671; x_wconf 83' lang='grc' dir='ltr'><strong><em>αύτοὺ</em></strong></span> <span class='ocrx_word' id='word_1_464' title='bbox 617 4605 673 4672; x_wconf 83' lang='grc' dir='ltr'><strong><em>καί</em></strong></span> <span class='ocrx_word' id='word_1_465' title='bbox 696 4605 962 4696; x_wconf 89' lang='grc' dir='ltr'><strong><em>μνημονεύουσιν,</em></strong></span> <span class='ocrx_word' id='word_1_466' title='bbox 991 4602 1091 4670; x_wconf 76' lang='lat' dir='ltr'><strong>daci</strong></span> <span class='ocrx_word' id='word_1_467' title='bbox 1115 4605 1200 4691; x_wconf 85' lang='grc' dir='ltr'><strong><em>πρὸς</em></strong></span> <span class='ocrx_word' id='word_1_468' title='bbox 1222 4606 1316 4695; x_wconf 88' lang='grc' dir='ltr'><strong><em>τύχην</em></strong></span> <span class='ocrx_word' id='word_1_469' title='bbox 1339 4604 1410 4671; x_wconf 84' lang='grc' dir='ltr'><strong><em>ἐστὶ</em></strong></span> <span class='ocrx_word' id='word_1_470' title='bbox 1433 4606 1527 4672; x_wconf 86' lang='grc' dir='ltr'><strong><em>κοινὰ</em></strong></span> <span class='ocrx_word' id='word_1_471' title='bbox 1550 4605 1608 4671; x_wconf 83' lang='grc' dir='ltr'><strong>καὶ</strong></span> <span class='ocrx_word' id='word_1_472' title='bbox 1630 4603 1757 4692; x_wconf 86' lang='grc' dir='ltr'><strong><em>γέγονεν</em></strong></span> <span class='ocrx_word' id='word_1_473' title='bbox 1778 4603 1839 4695; x_wconf 76' lang='grc' dir='ltr'><strong>ἤδη</strong></span> <span class='ocrx_word' id='word_1_474' title='bbox 1862 4606 2000 4685; x_wconf 87' lang='grc' dir='ltr'><strong><em>πολλοῖς</em></strong></span> 
     </span>
     <span class='ocr_line' id='line_1_41' title="bbox 185 4707 2001 4802; baseline 0.001 -25"><span class='ocrx_word' id='word_1_475' title='bbox 185 4716 386 4802; x_wconf 86' lang='grc' dir='ltr'><strong><em>στρατηγοῖς,</em></strong></span> <span class='ocrx_word' id='word_1_476' title='bbox 402 4713 439 4778; x_wconf 84' lang='grc' dir='ltr'><strong><em>τὸ</em></strong></span> <span class='ocrx_word' id='word_1_477' title='bbox 453 4711 490 4779; x_wconf 89' lang='grc' dir='ltr'><strong><em>δέ</em></strong></span> <span class='ocrx_word' id='word_1_478' title='bbox 503 4712 676 4779; x_wconf 82' lang='grc' dir='ltr'><strong><em>κάλλιστον</em></strong></span> <span class='ocrx_word' id='word_1_479' title='bbox 690 4712 746 4778; x_wconf 84' lang='grc' dir='ltr'><strong><em>καί</em></strong></span> <span class='ocrx_word' id='word_1_480' title='bbox 760 4710 913 4799; x_wconf 90' lang='grc' dir='ltr'><strong><em>μέγιστον</em></strong></span> <span class='ocrx_word' id='word_1_481' title='bbox 927 4711 964 4779; x_wconf 84' lang='grc' dir='ltr'><strong>οὐ</strong></span> <span class='ocrx_word' id='word_1_482' title='bbox 978 4709 1133 4799; x_wconf 86' lang='grc' dir='ltr'><strong><em>λέγουσιν.</em></strong></span> <span class='ocrx_word' id='word_1_483' title='bbox 1157 4710 1295 4792; x_wconf 73' lang='grc' dir='ltr'><strong><em>,Οὐδεὶς</em></strong></span> <span class='ocrx_word' id='word_1_484' title='bbox 1308 4712 1382 4799; x_wconf 81' lang='grc' dir='ltr'><strong><em>γάρ,</em></strong></span> <span class='ocrx_word' id='word_1_485' title='bbox 1398 4707 1476 4802; x_wconf 82' lang='grc' dir='ltr'><strong><em>ἐφη,</em></strong></span> <span class='ocrx_word' id='word_1_486' title='bbox 1492 4708 1536 4778; x_wconf 82' lang='grc' dir='ltr'><strong><em>δι’</em></strong></span> <span class='ocrx_word' id='word_1_487' title='bbox 1552 4710 1609 4795; x_wconf 82' lang='grc' dir='ltr'><strong>ἐμὲ</strong></span> <span class='ocrx_word' id='word_1_488' title='bbox 1622 4721 1688 4777; x_wconf 88' lang='grc' dir='ltr'><strong>τῶν</strong></span> <span class='ocrx_word' id='word_1_489' title='bbox 1701 4707 1803 4778; x_wconf 82' lang='grc' dir='ltr'><strong><em>όντων</em></strong></span> <span class='ocrx_word' id='word_1_490' title='bbox 1814 4707 2001 4802; x_wconf 65' lang='grc' dir='ltr'><strong><em>Ἀθηναίων</em></strong></span> 
     </span>
     <span class='ocr_line' id='line_1_42' title="bbox 183 4813 2000 4907; baseline 0 -22"><span class='ocrx_word' id='word_1_491' title='bbox 183 4816 286 4902; x_wconf 85' lang='grc' dir='ltr'><strong><em>μέλαν</em></strong></span> <span class='ocrx_word' id='word_1_492' title='bbox 313 4813 445 4904; x_wconf 83' lang='grc' dir='ltr'><strong><em>ῖμοίτιον</em></strong></span> <span class='ocrx_word' id='word_1_493' title='bbox 467 4819 722 4906; x_wconf 78' lang='grc' dir='ltr'><strong><em>προσεβάλετο.“</em></strong></span> <span class='ocrx_word' id='word_1_494' title='bbox 768 4820 899 4906; x_wconf 82' lang='lat' dir='ltr'><strong>Scripsit</strong></span> <span class='ocrx_word' id='word_1_495' title='bbox 921 4823 1006 4886; x_wconf 90' lang='lat' dir='ltr'><strong>euim</strong></span> <span class='ocrx_word' id='word_1_496' title='bbox 1034 4823 1221 4886; x_wconf 89' lang='lat' dir='ltr'><strong>correcturis</strong></span> <span class='ocrx_word' id='word_1_497' title='bbox 1248 4822 1430 4886; x_wconf 89' lang='lat' dir='ltr'><strong>lenissimis:</strong></span> <span class='ocrx_word' id='word_1_498' title='bbox 1464 4817 1486 4884; x_wconf 76' lang='lat' dir='ltr'><strong>d</strong></span> <span class='ocrx_word' id='word_1_499' title='bbox 1513 4818 1570 4884; x_wconf 84' lang='grc' dir='ltr'><strong>καὶ</strong></span> <span class='ocrx_word' id='word_1_500' title='bbox 1597 4831 1795 4907; x_wconf 80' lang='grc' dir='ltr'><strong><em>προστυχη</em></strong></span> <span class='ocrx_word' id='word_1_501' title='bbox 1822 4816 1906 4884; x_wconf 83' lang='grc' dir='ltr'><strong><em>ἐστὶ</em></strong></span> <span class='ocrx_word' id='word_1_502' title='bbox 1933 4819 2000 4885; x_wconf 86' lang='grc' dir='ltr'><strong>καὶ</strong></span> 
     </span>
     <span class='ocr_line' id='line_1_43' title="bbox 183 4923 2000 5013; baseline 0 -21"><span class='ocrx_word' id='word_1_503' title='bbox 183 4927 279 4992; x_wconf 84' lang='grc' dir='ltr'><strong><em>κοινὰ</em></strong></span> <span class='ocrx_word' id='word_1_504' title='bbox 301 4925 370 4992; x_wconf 90' lang='grc' dir='ltr'><strong><em>κτλ.</em></strong></span> <span class='ocrx_word' id='word_1_505' title='bbox 394 4934 426 4993; x_wconf 88' lang='lat' dir='ltr'><strong>et</strong></span> <span class='ocrx_word' id='word_1_506' title='bbox 446 4948 504 5013; x_wconf 94' lang='lat' dir='ltr'><strong>pro</strong></span> <span class='ocrx_word' id='word_1_507' title='bbox 527 4937 591 4992; x_wconf 83' lang='grc' dir='ltr'><strong>τῶν</strong></span> <span class='ocrx_word' id='word_1_508' title='bbox 614 4923 714 4993; x_wconf 84' lang='grc' dir='ltr'><strong><em>όντων</em></strong></span> <span class='ocrx_word' id='word_1_509' title='bbox 737 4924 832 4991; x_wconf 85' lang='grc' dir='ltr'><strong><em>ἐτων</em></strong></span> <span class='ocrx_word' id='word_1_510' title='bbox 854 4925 1057 4991; x_wconf 86' lang='grc' dir='ltr'><strong><em>τοσούτων.</em></strong></span> <span class='ocrx_word' id='word_1_511' title='bbox 1102 4927 1190 4992; x_wconf 84' lang='lat' dir='ltr'><strong>Vitio</strong></span> <span class='ocrx_word' id='word_1_512' title='bbox 1218 4929 1325 4992; x_wconf 88' lang='lat' dir='ltr'><strong>locum</strong></span> <span class='ocrx_word' id='word_1_513' title='bbox 1347 4928 1489 4993; x_wconf 87' lang='lat' dir='ltr'><strong>laborare</strong></span> <span class='ocrx_word' id='word_1_514' title='bbox 1510 4932 1714 5013; x_wconf 90' lang='lat' dir='ltr'><strong>perspexerat</strong></span> <span class='ocrx_word' id='word_1_515' title='bbox 1736 4929 1830 4992; x_wconf 90' lang='lat' dir='ltr'><strong>etiam</strong></span> <span class='ocrx_word' id='word_1_516' title='bbox 1853 4927 2000 5009; x_wconf 85' lang='lat' dir='ltr'><strong>Cobetus,</strong></span> 
     </span>
    </p>
   </div>
   <div class='ocr_carea' id='block_1_9' title="bbox 0 0 2192 5528">
    <p class='ocr_par' dir='ltr' id='par_1_12' title="bbox 0 0 2192 5528">
     <span class='ocr_line' id='line_1_44' title="bbox 0 0 2192 5528; baseline 0 3"><span class='ocrx_word' id='word_1_517' title='bbox 0 0 2192 5528; x_wconf 95' lang='lat' dir='ltr'><strong> </strong></span> 
     </span>
    </p>
   </div>
  </div>
 </body>
</html>
