4374 5528
1068 280 1107 342 16

979 371 1190 379 ---—·-—-

181 487 255 575 βίον
278 494 406 577 legitur,
430 494 516 575 ‹puod
541 497 590 557 cst
612 493 697 580 apud
721 492 878 556 Solonem.
925 494 958 556 in
983 495 1082 557 altero
1106 499 1257 577 excerpto
1282 495 1360 577 qnid
1385 498 1520 560 moverit
1544 497 1719 579 Berginium
1745 508 1781 565 ut
1805 522 1918 567 versus
1943 503 1983 564 66

183 619 374 701 scripturam
399 619 622 701 theognideam
647 619 749 680 hanec

501 768 549 830 cp
574 740 635 828 (sic
659 742 697 822 A,
721 746 782 806 ,νοῖ
805 741 845 821 Β)
869 738 1000 830 σχήσειν
1021 740 1129 825 μέλλοι
1156 739 1346 833 πρήγματος
1369 738 1544 832 ἀρχομένου

183 867 373 931 stobaeanae
397 868 524 931 Solonis
547 866 624 928 huic

500 980 521 1078 ή
543 988 652 1074 poue
677 985 809 1080 σχήσειν
831 992 995 1081 χρήματος
1018 985 1193 1077 ἀρχομένου

181 1117 338 1201 integram
363 1116 600 1201 praeferret-
624 1139 698 1183 nam
721 1123 862 1208 primum
886 1117 1079 1181 vocabulum
1103 1136 1197 1200 posse
1219 1123 1304 1181 recte
1328 1118 1412 1202 apud
1437 1118 1526 1181 illum
1552 1119 1706 1203 scriptum
1730 1139 1799 1183 esse
1822 1141 1885 1184 non
1905 1142 1983 1204 nego

181 1278 224 1288 -
251 1242 322 1304 eins
346 1239 453 1322 placiti
476 1259 589 1306 cansas
612 1245 735 1327 ignore.
783 1248 817 1309 in
841 1246 888 1308 eis
913 1262 995 1327 qnae
1019 1248 1173 1305 secuntur
1197 1242 1270 1324 quis
1295 1244 1458 1323 negaverit
1482 1244 1691 1306 concinnitati
1716 1245 1833 1326 optime
1856 1245 1984 1309 oonsul-

182 1372 252 1429 tnm
277 1365 327 1427 his
351 1365 435 1427 πᾶσι
462 1362 499 1429 de'
522 1389 570 1431 τοι
597 1364 743 1447 κίνδινος
765 1367 820 1434 ἐπ’
844 1364 979 1455 ἔργμασι
1005 1401 1049 1413 -
1068 1357 1128 1430 dli
1152 1358 1169 1429 ὁ
1191 1364 1250 1447 μὲν
1272 1354 1307 1429 εὖ
1329 1362 1434 1452 ἕρδειν
1457 1362 1659 1452 πειρώμενος
1691 1403 1722 1414 -
1748 1370 1797 1454 τῷ
1820 1368 1855 1433 de
1878 1370 1986 1445 κακῶς

181 1486 317 1575 l'pdoarr„
355 1488 475 1571 quibus
509 1512 593 1573 qnae
627 1493 794 1557 substituit
827 1492 986 1575 Theognis
1020 1496 1211 1574 personatus
1246 1481 1316 1553 ἀλλ’
1350 1483 1376 1555 ὁ.
1400 1515 1435 1572 μ.
1471 1481 1653 1573 εὐδοκιμεῖν
1681 1519 1717 1554 ιι.
1742 1529 1785 1537 -
1819 1493 1867 1579 τῷ
1903 1492 1930 1556 d.
1956 1516 1985 1556 κ.

182 1614 340 1694 ποιεῦντι,
364 1633 402 1677 ea
426 1616 569 1679 variandi
595 1618 802 1701 cupiditatem
827 1619 957 1701 sapiunt
979 1616 1165 1698 tolluntque
1189 1614 1424 1697 simplieitatem
1449 1616 1597 1679 dictionis
1620 1617 1854 1682 suavissimam.
1880 1655 1921 1663 -
1946 1638 1986 1681 ne

183 1736 296 1800 multa:
320 1758 435 1802 rursus
460 1742 595 1824 vestigia
611 1744 788 1825 premimus
804 1742 943 1806 hominis
967 1741 1046 1821 eius,
1071 1741 1126 1822 qui
1150 1739 1233 1801 hanc
1257 1743 1399 1802 nostram
1423 1740 1580 1823 syllogam
1606 1740 1771 1822 elegorum
1795 1760 1812 1804 e
1835 1743 1986 1824 genuinis

182 1860 376 1945 Theognidis
399 1865 602 1949 aliorumque
625 1873 791 1950 poetarum
821 1865 1020 1931 carminibus
1049 1870 1217 1929 consutam
1242 1863 1359 1944 suique
1383 1864 1503 1946 ingenii
1528 1864 1648 1928 fetibus
1672 1870 1832 1948 comptam
1860 1865 1986 1947 elegan-

184 1986 301 2050 tiornm
327 1994 364 2051 ut
387 1991 477 2054 aiunt
499 1992 668 2055 hominnm
691 1991 819 2055 lectioni
855 1993 996 2075 usuique
1032 1989 1212 2053 destinavit.
1261 2006 1325 2069 que
1348 1993 1455 2050 tamen
1487 1987 1641 2051 diorthosi
1666 2008 1738 2051 eum
1764 2008 1891 2052 summa
1912 1989 1987 2051 imis

183 2111 351 2175 miscuisse
375 2119 406 2177 et
430 2114 474 2176 nil
498 2117 563 2180 nisi
587 2116 779 2200 farraginem
804 2114 1070 2198 theognideornm
1094 2132 1247 2177 versuum
1273 2111 1452 2193 reliquisse,
1476 2112 1562 2176 unde
1585 2116 1669 2174 sorte
1696 2111 1794 2175 ducta
1815 2132 1872 2195 pro
1896 2110 1986 2174 libito

182 2235 275 2297 liceat
298 2218 471 2321 imaginem
488 2242 556 2304 veri
571 2240 764 2324 Theognidis
781 2239 820 2303 ad
838 2239 969 2303 modum
984 2238 1262 2324 peerhlampianee
1279 2236 1355 2298 artis
1370 2236 1512 2319 poeticae
1528 2236 1754 2319 redintegrare,
1777 2235 1836 2298 hoc
1852 2237 1985 2299 minime

184 2360 337 2423 concedo:
363 2361 461 2427 immo
484 2365 609 2447 integra
631 2365 788 2427 mansisse
812 2365 971 2450 poematia
995 2364 1062 2425 sive
1086 2363 1211 2445 eclogas
1235 2360 1340 2422 dicere
1363 2359 1456 2423 malis
1480 2360 1645 2443 complura
1680 2366 1712 2423 et
1743 2360 1884 2423 maxime
1915 2360 1986 2443 qrii-

183 2484 255 2547 dem
291 2486 324 2547 in
357 2492 446 2570 parto
483 2487 625 2569 syllegae
660 2489 775 2574 priore,
817 2507 914 2570 quam
950 2488 1096 2550 hemines
1137 2484 1222 2547 docti
1260 2483 1385 2546 dudum
1420 2484 1605 2548 intellexere
1637 2504 1655 2547 a
1690 2486 1864 2567 posteriore
1896 2490 1986 2568 parte

184 2608 368 2673 discrimine
392 2611 512 2694 insigni
536 2613 706 2675 discretam
731 2630 811 2694 esse,
834 2631 926 2698 spero
949 2630 1003 2674 me
1026 2610 1102 2674 alibi
1125 2609 1221 2673 certis
1244 2607 1526 2691 comprobaturum
1558 2627 1629 2673 esse
1661 2608 1851 2672 rationibus.
1899 2628 1986 2671 nnnc

184 2739 314 2797 coactns
338 2733 487 2799 subsisto.

344 2946 416 3010 Dat.
441 2947 633 3031 liegirnontii
658 2948 688 3012 d.
717 2947 764 3009 le.
789 2967 829 3010 m.
853 2947 942 3009 Iunii
968 2966 996 3010 a.
1023 2944 1115 3008 1885.
