4374 5528
984 195 1339 270 -14-,

319 388 391 474 Cap.
416 389 472 471 16,
494 388 517 452 l.
535 390 575 453 10
598 386 772 453 Teleclidae
793 407 923 453 versum

540 510 636 577 λάινα
658 506 760 600 τείχη,
784 510 826 575 ad
847 507 908 595 μὲν
930 507 1129 595 οίκοδομεῖν,
1153 511 1195 576 τδ
1218 509 1255 576 δὲ
1278 509 1361 577 αύτδ
1384 511 1489 578 πάλιν
1510 510 1728 596 καταβάλλειν

148 650 150 654 ’
184 640 300 704 vitium
331 641 526 704 contraxisse
557 639 760 703 manifestum
791 642 851 702 est:
885 644 985 703 metro
1018 639 1178 704 consuluit
1204 638 1362 723 Bergkius
1389 639 1575 704 coniciendo
1602 638 1644 702 τά
1671 638 1699 703 δ’
1728 632 1869 704 ἔπειτα
1895 637 2003 704 πάλιν

184 744 414 828 καταβάλλεινε
442 747 537 810 aliam
559 747 714 810 rationem
736 746 809 809 iniit
830 743 973 810 Koclrins
996 764 1134 830 eumque
1157 752 1284 811 secutus
1307 752 1354 811 est
1376 745 1532 811 Blassius:
1555 748 1583 811 ia
1606 749 1694 811 enim
1716 745 1758 809 τὰ
1780 743 1817 810 δὲ
1838 742 2000 829 τάμπα-

183 853 244 918 λιν
270 848 315 917 αὖ
343 851 560 934 καταβάλλειν
587 854 620 916 in
652 857 777 917 textum
807 854 934 938 recepit
980 851 1013 917 L
1030 854 1086 935 30,
1119 854 1175 918 ubi
1206 853 1281 918 libri
1307 854 1459 938 praebent
1486 855 1619 917 ἅπαντα
1645 849 1706 934 μὲν
1732 847 1788 917 σδν
1813 861 1917 918 ταῦτα
1943 863 2001 941 τῆς

183 956 396 1046 Ἀναξαγόρου
425 954 558 1045 σοφίας,
587 960 672 1025 idem
700 959 787 1043 quod
809 959 948 1044 Bergkio
974 961 1010 1038 in
1033 965 1171 1024 mentem
1194 959 1305 1025 incidit
1328 956 1531 1046 ἀπᾴδοντα
1552 957 1613 1042 μέν
1644 953 1700 1024 σόν
1730 959 1798 1024 κτλ
1829 961 1899 1026 'aa
1930 981 2000 1026 nou

183 1069 362 1134 οσνεεῖααιτί
384 1069 460 1132 λοσε
478 1087 555 1132 cum
568 1067 781 1151 Ανιαταροναο
799 1067 965 1152 sapientia
982 1069 1163 1131 invenimus
1182 1069 1276 1131 etiam
1296 1067 1380 1152 apud
1394 1066 1567 1132 Blassium:
1593 1064 1717 1154 ἀφῆκεν
1735 1086 1772 1132 eo
1787 1069 1843 1152 qui
1856 1069 2000 1153 sequitur

184 1196 278 1240 versu
299 1176 364 1238 iam
387 1173 523 1239 Cobetus
545 1176 579 1238 in
603 1170 740 1261 ἀνῆκεν
762 1180 946 1239 mutaverat

317 1280 463 1366 (lapid,
490 1282 509 1345 l.
528 1284 581 1346 12:
610 1277 757 1361 κατέχειν
785 1277 942 1365 ἐπειρᾶτο
969 1277 1027 1344 καί
1055 1278 1301 1365 παρακαλεῖν
1329 1277 1363 1344 ἐν
1385 1284 1432 1365 τῷ
1455 1276 1547 1369 δήμω
1570 1279 1608 1345 τδ
1630 1278 1907 1370 μνημονευόμενον
1930 1280 1998 1346 κτλ

143 1385 146 1390 ’
183 1390 340 1474 Bergkius
362 1384 651 1472 παραστέλλειν
673 1388 842 1452 adnotavit
878 1388 969 1453 Idem
991 1408 1058 1472 cap.
1075 1390 1130 1466 19,
1152 1389 1244 1452 l.11:
1270 1384 1472 1476 ἐθαυμάσθη
1495 1384 1532 1453 δέ
1554 1385 1611 1453 καὶ
1634 1383 1795 1477 διεβοήθη
1817 1387 1904 1474 πρδς
1925 1387 2001 1467 τούς

184 1493 276 1572 ἕκτδς
312 1492 512 1579 ἀνθρώπους
548 1493 774 1579 περιπλεύσας
809 1492 1063 1583 Πελοπόννησον
1097 1502 1169 1580 post
1205 1492 1404 1581 ἀνθρώπους
1439 1495 1625 1561 adverbium
1661 1493 1806 1578 μάλιστα
1842 1495 2000 1562 excidisse

184 1605 360 1687 suspicatus
383 1609 437 1666 est

317 1726 389 1812 Cap.
404 1729 461 1809 22,
484 1727 571 1791 1.20;
596 1719 683 1791 έοικε
705 1724 734 1789 δ’
758 1725 871 1812 ὥσπερ
895 1726 1078 1811 συγγενικὸν
1101 1724 1189 1812 αύτηῖ
1210 1721 1490 1813 προστρίψασθαι
1513 1725 1639 1817 νόσημα
1661 1727 1719 1814 τῆν
1741 1721 1958 1814 φιλαργυρίαν
1980 1728 2000 1816 η

184 1832 295 1921 φύσις,
320 1834 373 1919 ὑφ’
396 1827 435 1922 ἧς
457 1830 512 1898 καί
537 1830 633 1910 αύτδς
655 1827 794 1919 αἰσχρῶς
816 1829 876 1897 ἐπὶ
900 1836 1014 1911 κακοῖς
1035 1829 1141 1920 ἔργοις
1163 1832 1260 1911 άλοδς
1282 1830 1416 1912 ἐξέπεσε
1433 1845 1491 1921 τῆς
1508 1831 1665 1925 Σπάρτης
1683 1835 1762 1900 duas
1780 1834 2000 1901 adnotationes

184 1945 217 2007 in
239 1942 370 2023 Bergkii
397 1942 571 2026 exemplari
598 1942 719 2006 inveni:
748 1960 852 2025 neque
880 1942 966 2006 enim
995 1938 1051 2005 καί
1080 1938 1178 2018 αὐτὸς
1200 1947 1285 2007 recte
1307 1961 1341 2006 se
1364 1942 1493 2023 habere,
1520 1943 1576 2007 sed
1600 1933 1693 2019 οότος
1714 1941 1765 2007 vel
1788 1937 1899 2018 αὐτοῖς
1922 1943 1999 2007 scri-

183 2049 323 2114 bendum
350 2050 472 2136 putavit
498 2054 530 2114 et
557 2049 725 2113 ‘minime'
749 2047 918 2113 sintenesii
942 2050 1156 2113 coniecturam
1180 2071 1199 2113 a
1222 2048 1344 2112 Blassio
1368 2050 1402 2112 in
1426 2049 1568 2114 ordinem
1592 2055 1749 2133 receptam
1772 2049 1998 2133 comprobavit

315 2156 356 2221 In
378 2163 519 2221 extremo
543 2158 642 2240 capite
661 2158 718 2220 23:
752 2152 808 2219 καί
832 2152 1026 2219 Χαλκιδέων
1050 2151 1110 2237 μὲν
1137 2154 1212 2233 τσδς
1239 2148 1431 2236 ἱπποβότας
1457 2151 1645 2238 λεγομένους
1671 2153 1804 2240 πλούτῳ
1831 2153 1888 2220 καί
1921 2153 1998 2244 δόξῃ

183 2259 397 2350 διαφέροντας
418 2259 578 2345 ἐξέβαλεν,
600 2257 775 2337 Ἑστιαιεῖς
797 2259 834 2325 δὲ
855 2260 985 2339 πάντας
1008 2257 1192 2351 ἀναστήσας
1215 2258 1252 2325 ἐκ
1273 2272 1331 2349 τῆς
1351 2260 1458 2347 χώρας
1478 2255 1676 2349 Ἀθηναίους
1697 2260 1815 2343 μόνους
1832 2258 1998 2348 κατηίκισε

183 2371 371 2436 adiectivum
393 2367 510 2451 μόνους
532 2368 572 2433 de
594 2370 664 2434 loco
688 2388 746 2433 suo
769 2375 893 2433 motum
915 2389 983 2434 esse
1005 2375 1092 2434 ratus
1114 2376 1185 2454 post
1207 2365 1423 2456 διαφέροντας
1444 2371 1586 2434 inseruit
1632 2368 1756 2434 Similia
1776 2371 1855 2434 vitia

315 2497 351 2559 in
378 2514 443 2580 cap.
464 2495 505 2557 26
535 2500 565 2559 et
593 2494 634 2557 27
664 2495 805 2579 agnovit:
839 2494 931 2559 video
959 2496 1045 2559 enim
1072 2495 1212 2578 primum
1239 2493 1427 2558 adverbium
1453 2491 1613 2578 apocopen
1639 2494 1659 2557 l.
1677 2495 1718 2558 20
1746 2496 1838 2559 uncis
1862 2496 1999 2560 circum·

184 2603 321 2683 elusum,
343 2608 452 2686 postea
474 2606 581 2665 autem
603 2601 622 2664 l.
638 2603 680 2664 22
704 2606 775 2686 post
797 2598 960 2682 σάμαιναν
982 2602 1150 2665 insertum:
1175 2600 1289 2666 deinde
1311 2603 1345 2666 in
1368 2603 1459 2666 initio
1479 2602 1590 2686 capitis
1607 2602 1803 2684 insequentis
1821 2601 1879 2688 τὴν
1896 2599 1999 2666 πόλιν

183 2710 237 2773 16
267 2715 339 2773 ante
365 2704 558 2790 βουλόμενος
584 2708 715 2787 exemit,
742 2712 813 2792 post
838 2700 1052 2790 περιετείχιζε
1078 2708 1135 2771 1.4
1162 2709 1314 2792 reposuit:
1345 2705 1481 2791 denique
1509 2709 1639 2792 optime,
1667 2709 1694 2772 si
1724 2707 1802 2792 quid
1828 2707 1936 2792 video,
1963 2710 1999 2774 in

182 2816 246 2881 fine
269 2815 411 2880 eiusdem
430 2816 538 2899 capitis
555 2814 653 2879 verba
663 2812 783 2900 χαλκῆν
802 2862 810 2877 .
831 2862 839 2876 .
859 2862 867 2876 .
888 2862 896 2877 .
916 2821 981 2877 τῶν
994 2810 1123 2878 άνωθεν
1136 2814 1243 2879 sedem
1257 2820 1379 2879 mutare
1392 2815 1498 2897 iussit,
1521 2833 1595 2879 cum
1609 2816 1745 2899 scripsit:
1770 2813 1827 2878 τδν
1841 2813 1870 2878 δ’
1884 2811 1997 2900 Ἀρτέ-

182 2920 275 3005 μωνά
297 2942 380 3011 φησι
403 2919 559 3007 τρυφερόν
581 2944 655 2985 τινα
677 2925 723 3004 τῷ
746 2915 808 3005 βίῳ
831 2917 888 2985 καί
911 2921 997 3006 πρὸς
1019 2920 1093 2998 τοὺς
1115 2918 1238 3007 φόβους
1259 2918 1406 3003 μαλακόν
1428 2914 1505 2984 δντα
1527 2917 1586 2984 καί
1608 2919 1804 3008 καταπλῆγα
1825 2920 1868 2984 τά
1886 2921 1999 2987 πολλά

182 3027 242 3113 μὲν
273 3023 359 3095 σ’ίκοι
391 3025 613 3107 καθέζεσθαι·
646 3023 676 3093 εἰ
707 3024 744 3092 δὲ
774 3022 933 3117 βιασθείη
965 3027 1145 3113 προελθεῖν
1176 3024 1209 3090 ἒν
1241 3022 1388 3112 κλινιδίῳ
1415 3030 1588 3113 κρεμαστῷ
1613 3027 1708 3112 παρά
1734 3027 1792 3115 τῆν
1818 3037 1875 3116 γῆν
1898 3025 1999 3118 αὐτὴν

184 3134 453 3225 παραφερόμενον
488 3130 685 3218 κομίζεσθαι
720 3134 862 3222 χαλκῆν
894 3130 1046 3200 ἀσπίδα
1077 3145 1144 3221 τῆς
1174 3134 1344 3222 κεφαλῆς
1375 3130 1494 3199 αὐτοῦ
1525 3133 1629 3200 δοεῖν
1661 3129 1823 3199 οἰκετῶν
1854 3135 2000 3221 όπερσ-

181 3242 337 3325 χόντων,
362 3243 459 3307 ὥστε
480 3239 600 3332 μηδὲν
623 3239 809 3325 ἐμπεσεῖν
830 3250 904 3306 τῶν
926 3238 1077 3307 ἀνωθεν
1100 3240 1156 3306 καί
1175 3240 1231 3306 διδ
1249 3250 1343 3307 τοῦτο
1358 3240 1520 3330 κληθῆναι
1534 3240 1772 3331 Περιφόρητσν.
1805 3245 1858 3307 An
1877 3236 2001 3322 αὖθις

184 3352 279 3417 scribi
303 3356 443 3436 oporteat
465 3369 490 3414 ο.
506 3351 558 3432 27,
581 3351 637 3414 1.4
660 3370 717 3434 pro
741 3345 852 3426 εύθύς,
876 3349 1033 3435 Bergkius
1056 3349 1187 3432 dubitat,
1210 3345 1486 3426 inanisinanes
1508 3369 1565 3434 pro
1590 3347 1790 3426 πλεύσαντος
1807 3370 1832 3414 c.
1848 3351 1900 3433 26,
1919 3350 1940 3414 l.
1953 3350 1996 3416 ll

183 3480 257 3523 cum
280 3458 397 3524 Cobeto
420 3456 624 3522 scribendum
646 3477 702 3541 pro
726 3462 810 3522 certo
834 3457 940 3521 habet:
964 3453 1120 3537 λαχόντι
1143 3455 1271 3521 adnotat
1293 3476 1319 3520 c.
1335 3457 1391 3538 26,
1414 3457 1470 3521 le
1493 3476 1551 3541 pro
1574 3454 1718 3537 λαβόντι.

316 3563 450 3629 Duobus
471 3564 664 3646 Thucydidis
687 3564 765 3629 locis
782 3563 800 3627 Ι
815 3565 855 3628 10
871 3569 902 3629 et
915 3563 932 3628 Ι
946 3565 987 3627 21
1008 3584 1085 3629 usus
1109 3583 1189 3648 quae
1211 3565 1258 3628 sic
1280 3563 1448 3628 traduntur
1469 3565 1504 3627 in
1527 3562 1617 3626 libris
1640 3562 1835 3628 Plutarcheis
1859 3583 1925 3648 cap.
1943 3566 1998 3647 28,

184 3675 202 3736 l.
219 3677 259 3738 12
284 3693 383 3757 seqq.:
413 3673 531 3757 Δοῦρις
556 3667 616 3753 μὲν
643 3663 699 3734 οὖν
727 3666 794 3734 οόδ’
822 3668 908 3735 ὅπου
934 3667 1036 3759 μηδὲν
1063 3666 1152 3754 αύτῷ
1178 3667 1356 3755 πρόσεστιν
1381 3662 1468 3734 ίδιον
1495 3666 1613 3746 πάθος
1635 3663 1765 3748 εἰωθὼς
1787 3671 1915 3753 κρατεῖν
1937 3671 1999 3759 τὴν

184 3778 332 3868 διήγησιν
364 3775 422 3843 ἒπί
455 3789 512 3866 τῆς
543 3772 703 3866 ἀληθείας
732 3775 856 3859 μᾶλλον
887 3770 992 3842 ε”οικεν
1024 3774 1167 3840 ἐνταῦθα
1199 3774 1352 3841 δεινῶσαι
1384 3776 1443 3853 τάς
1469 3786 1526 3862 τῆς
1553 3770 1714 3860 πατρίδος
1741 3775 1909 3863 συμφορὰς
1937 3774 1999 3842 ἐπὶ

184 3885 321 3972 διαβολῇ
343 3894 407 3949 τῶν
418 3879 618 3974 Ἀθηναίων,
642 3904 680 3949 ea
692 3883 849 3969 Bergkius
866 3887 911 3949 ita
927 3885 1081 3950 mutanda
1097 3886 1232 3967 censuit,
1255 3889 1292 3948 ut
1309 3882 1506 3947 rescriberet:
1523 3885 1749 3965 ...κοσμεῖν
1771 3883 1829 3971 τὴν
1848 3881 2000 3972 διήγησιν

185 3991 252 4058 ἐπὶ
283 3991 325 4057 τδ
358 3989 479 4057 πλέον
510 3992 561 4056 vel
593 3988 661 4055 ἐπὶ
692 3988 815 4078 βλάβη
847 4001 904 4079 τῆς
936 3985 1106 4081 ἀληθείας.
1157 3990 1378 4056 Coniecturam
1409 3989 1449 4054 ad
1481 3990 1663 4055 Archilochi
1695 3991 1838 4055 iambum
1865 3991 1916 4071 (ir.
1938 3993 1998 4074 31)

184 4101 360 4167 sanandum
387 4101 421 4164 in
449 4105 560 4185 quarta
586 4099 759 4181 lyricorum
787 4098 925 4164 editione
951 4100 1157 4185 propositam:
1186 4096 1236 4160 Σὺ
1263 4094 1333 4160 κάν
1359 4094 1491 4181 μύροισι
1518 4105 1616 4183 γραῦς
1643 4094 1726 4162 ἒσοσ’
1750 4092 1909 4185 ῆλείφεο
1930 4100 1998 4165 iam

184 4215 275 4274 antea
296 4207 455 4293 Bergkius
476 4208 511 4271 in
533 4207 677 4290 margine
699 4205 718 4268 l.
734 4207 777 4269 20
800 4204 1037 4290 significaverat

318 4332 390 4417 (lap.
405 4333 463 4415 29,
484 4332 505 4395 L
524 4333 563 4395 12
587 4333 634 4395 sic
655 4329 887 4396 restituendum
908 4331 1043 4415 putavit:
1067 4324 1125 4392 καί
1148 4327 1230 4404 ὅλως
1252 4324 1389 4392 διετέλει
1411 4327 1567 4409 κολούων,
1592 4327 1637 4406 ὡς
1657 4325 1741 4417 μηδὲ
1763 4332 1835 4406 τοῖς
1856 4325 1996 4412 ὀνόμασι

185 4432 363 4530 γνησίων,
393 4435 462 4503 ἀλλ’
486 4432 652 4503 ὀθνείων
673 4433 731 4502 καί
754 4432 869 4514 ξένων
895 4437 967 4521 (pro
990 4437 1192 4515 accusativis)
1216 4432 1292 4520 [ὅτι]
1316 4447 1381 4498 τῶν
1403 4429 1555 4516 Κίμωνος
1577 4429 1667 4513 υίῶν,
1695 4437 1743 4519 τηῖ
1763 4432 1824 4517 μὲν
1841 4435 1926 4523 (γὰρ
1943 4436 1996 4503 vel

184 4547 245 4612 δτι
268 4549 330 4632 τῷ)
353 4542 390 4634 ῆν
412 4543 679 4627 Λακεδαιμόνιος
701 4540 816 4629 όνομα,
839 4546 887 4629 τῷ
909 4540 946 4608 δὲ
971 4539 1150 4620 Θεσσαλός,
1174 4543 1222 4627 τῷ
1244 4537 1280 4607 δὲ
1302 4535 1438 4619 Ἠλεῖος.
1486 4541 1580 4620 Quod
1601 4548 1708 4608 narrat
1729 4542 1920 4609 Plutarchus

317 4693 382 4758 cap.
399 4673 455 4755 30,
478 4671 529 4736 14
553 4665 660 4735 εἰπεῖν
677 4667 853 4758 Πολυάλκη
877 4706 919 4717 -
944 4669 1001 4734 ubi
1018 4668 1177 4754 Berglrius
1198 4668 1367 4732 lectionem
1390 4668 1458 4732 cod.
1480 4671 1521 4731 A
1541 4663 1737 4756 Πολυάλκην
1757 4669 1883 4734 ridetur
1904 4687 1995 4755 prae·

184 4779 294 4845 tulisse
317 4817 359 4827 -
383 4786 449 4842 τῶν
475 4773 645 4864 πρέσβεων
671 4775 745 4839 τινὰ
768 4777 834 4858 (vel
860 4779 966 4861 potius
994 4770 1064 4856 ἕνα,
1093 4775 1252 4859 siquidem
1278 4773 1435 4859 Bergkius
1462 4777 1497 4840 iu
1524 4775 1633 4841 eadem
1662 4795 1726 4860 qua
1753 4773 1891 4841 Gobehrs
1917 4794 1997 4843 voce

185 4885 328 4970 offendit)
351 4885 686 4952 Lacedaemoniorum:
720 4881 761 4947 σδ
783 4878 820 4947 δὲ
840 4881 886 4970 μῆ
909 4878 1066 4970 καθέλῃς,
1095 4877 1178 4946 ἀλλά
1200 4876 1345 4968 στρέψον
1366 4874 1444 4945 ε’ίσω
1466 4879 1504 4946 τδ
1527 4878 1697 4963 πινάκιον,
1721 4883 1782 4947 hoc
1803 4881 1845 4946 ad
1866 4864 1997 4968 linguae
