4374 5528
981 173 1201 234 ‚10-

1043 360 1211 430 ἀθάνατον
1233 363 1352 430 κακόν
1374 360 1476 450 ἐστιν,

619 467 723 535 δεινόν
744 467 773 532 τ’
797 465 953 556 ἀργαλέον
975 493 1011 535 τι
1032 468 1089 536 καὶ
1113 468 1224 558 ἄγριον
1246 469 1334 537 οὐδὲ
1354 470 1535 561 μάχητον.

325 602 425 667 Credo
450 602 534 665 enim
556 595 733 661 Hesiodum
756 597 931 680 scripsisse:

613 694 743 786 ’Όρθον
764 698 824 784 μέν
846 710 980 787 πρῶτον
1001 702 1081 799 κύνα
1103 698 1230 789 γείνατο
1253 707 1285 768 Γ
1282 713 1425 794 ηρνονηι·

615 806 762 894 δεύτερον
784 801 878 886 αὖτις
900 803 1001 874 ἔτικτ’
1024 807 1171 893 ἀμαχον
1191 809 1324 889 κακόν,
1347 806 1385 875 ού
1406 833 1439 875 τι
1463 808 1610 898 φατοιόν,

611 912 774 1002 Κέρβερον
796 914 962 1005 ὠμηστήν,
984 910 1100 983 Ἀίδαο
1123 917 1203 983 κύνα
1223 915 1461 1005 χαλκεόφωνον,

613 1020 972 1112 πεντηκοντακέφαλον,
996 1021 1133 1090 ἀναιδέα
1155 1048 1192 1090 τι
1214 1023 1368 1112 κρατερόν
1390 1046 1434 1091 τα.

322 1201 506 1285 Corruptela
528 1222 624 1286 quam
646 1203 737 1267 facile
759 1222 801 1268 ex
821 1140 1141 1268 AMAffrAKON
1160 1206 1236 1269 oriri
1257 1205 1407 1289 potuerit,
1429 1205 1486 1268 vix
1509 1209 1557 1268 est
1580 1203 1666 1288 quod
1688 1223 1841 1268 moneam.
1878 1203 2002 1269 Confir-

190 1313 271 1376 man'
295 1313 401 1373 autem
423 1309 670 1374 existimaverim
692 1328 797 1374 meam
820 1316 1030 1375 correcturum
1053 1312 1232 1376 testimonio
1255 1309 1429 1395 Sophocleo
1450 1310 1676 1375 Trach.1098:

607 1410 915 1501 Ἃιδουτρίκρανον
938 1415 1072 1480 σκύλακ’
1094 1412 1349 1502 ἀπρόσμαχον
1370 1413 1478 1502 τέρας,

185 1523 241 1587 ubi
265 1542 331 1587 non
353 1522 433 1586 facio
453 1541 526 1587 oum
540 1522 699 1604 Nauclrio,
723 1525 778 1606 qui
795 1522 856 1587 hoc
870 1541 998 1608 quoque
1018 1523 1090 1587 loco
1122 1518 1346 1604 ἀμαέμακον
1371 1523 1600 1589 restituendum
1623 1543 1691 1589 esse
1713 1525 1834 1606 stabnt,
1857 1525 2006 1607 quamvis

186 1649 252 1693 non
275 1632 418 1714 ignorem
441 1648 528 1693 nunc
551 1628 741 1693 adiectivum
763 1628 843 1693 illud
865 1636 938 1694 ante
960 1630 1196 1695 Alexandrinos
1219 1629 1427 1695 demonstrari
1449 1650 1513 1695 non
1535 1650 1635 1716 posse.

319 1735 429 1800 XXII.
477 1734 558 1800 (ium
581 1738 656 1799 satis
678 1741 799 1800 constet
821 1735 950 1800 brevem
972 1755 1040 1800 esse
1061 1737 1201 1801 radicem
1222 1736 1312 1801 verbi
1334 1735 1438 1825 Upper
1462 1738 1546 1822 apud
1567 1737 1716 1820 Graecos,
1738 1737 1873 1801 formam
1896 1732 2005 1822 ἀκραῆ

186 1845 286 1926 β421
311 1843 474 1908 ferendam
497 1862 565 1908 esse
587 1861 685 1926 nego:
718 1842 944 1908 restituendam
967 1843 1156 1908 solutionem
1179 1839 1302 1928 ἀκρᾰέα
1324 1845 1393 1908 iure
1416 1844 1577 1909 contendit
1599 1846 1693 1909 etiam
1715 1843 1745 1908 J.
1759 1864 1821 1908 van
1843 1842 2004 1908 Ieeuvven

185 1952 220 2014 in
243 1949 353 2015 Cobeti
375 1949 583 2033 Mnemosyne
606 1949 644 2013 N.
659 1947 690 2013 S.
708 1948 791 2014 XIV
813 1970 842 2034 p.
854 1951 919 2015 363
943 1949 1204 2035 confirmavitque
1227 1952 1452 2014 correctionem
1474 1969 1569 2014 versu
1593 1949 1733 2035 Operum
1757 1953 1835 2015 594:

612 2050 723 2120 ἀντίον
746 2052 910 2142 ἀκρᾰέοέ
932 2052 1068 2143 ζεφύρου
1090 2054 1258 2141 τρέψαντα
1281 2054 1472 2142 πρόσωπον.

183 2163 273 2228 Cavit
295 2166 379 2228 enim
403 2165 456 2229 ille
478 2183 520 2228 ne
543 2160 678 2248 ἀκρᾰεῦς
699 2170 810 2247 poetae
833 2162 1021 2227 obtruderet.
1058 2163 1149 2228 Idem
1172 2165 1230 2227 etsi
1253 2162 1431 2228 observavit
1449 2163 1532 2249 apud
1552 2162 1728 2228 Hesiodum
1744 2163 1800 2249 op.
1817 2166 1880 2228 599
1899 2163 2002 2246 adjec-

183 2273 286 2334 tivum
309 2267 394 2335 εύᾶεῖ
417 2272 545 2355 longam
568 2270 723 2352 syllabam
745 2271 779 2333 in
803 2269 940 2334 editione
961 2269 1105 2352 Rzachii,
1128 2277 1164 2334 ut
1187 2271 1311 2355 opinor,
1338 2269 1501 2355 praebere,
1527 2271 1587 2334 hac
1613 2290 1661 2352 re,
1689 2291 1785 2355 quam
1813 2290 1870 2355 ego
1894 2272 2001 2353 miror,

187 2383 293 2442 tamen
321 2383 497 2441 commotus
525 2396 590 2441 non
618 2383 665 2440 est
691 2383 728 2441 ut
754 2383 809 2440 aut
830 2376 1007 2440 remedium
1031 2382 1194 2462 quaereret
1216 2383 1271 2441 aut
1294 2378 1549 2462 explicationem:
1583 2379 1658 2441 satis
1680 2377 1775 2442 habet
1797 2377 2000 2441 offensionem

182 2485 348 2548 notavisse.
396 2482 480 2560 Quid
507 2483 594 2567 quod
618 2483 728 2548 doctus
750 2485 875 2548 iuvenis
897 2483 1004 2547 locum
1026 2483 1233 2548 Homericum
1255 2508 1280 2566 μ
1301 2486 1379 2549 313:
1405 2473 1519 2569 Ὠροεν
1542 2478 1601 2549 ι”πι
1625 2480 1700 2571 ζᾱφν
1722 2481 1839 2565 ἀνεμον
1860 2491 1943 2548 recte
1966 2502 2000 2548 se

183 2591 298 2655 habere
322 2592 492 2654 existimat:
516 2610 591 2654 nam
614 2596 722 2654 utrum
744 2590 880 2675 Tbeogn.
896 2591 960 2654 253
983 2587 1112 2666 Πνοιάς
1128 2611 1164 2654 τε
1183 2587 1284 2668 ζᾶέων
1303 2586 1429 2672 ἀνέμων
1450 2612 1489 2656 an
1515 2588 1616 2670 ζᾶέων
1634 2591 1904 2676 pronuntiandum
1927 2609 2000 2654 cen·

183 2710 261 2785 seat,
285 2703 444 2787 ambigere
467 2702 546 2766 licet
593 2703 637 2766 At
664 2722 714 2767 res
736 2702 863 2767 videtur
885 2702 1024 2766 dilucida
1047 2721 1129 2767 esse:
1162 2705 1350 2787 praepositio
1375 2699 1413 2780 ζᾰ
1433 2723 1489 2788 per
1516 2680 1644 2788 seipsa
1666 2702 1771 2767 brevis
1794 2709 1854 2766 est:
1887 2708 2001 2786 aequat

184 2813 268 2875 enim
292 2811 363 2874 voci
385 2810 509 2893 vulgari
532 2807 601 2873 ded:
627 2815 816 2895 quapropter
837 2829 904 2873 non
927 2808 1037 2873 dubito
1056 2811 1135 2893 quin
1152 2812 1246 2874 unice
1264 2829 1339 2874 vera
1357 2812 1398 2874 sit
1410 2809 1493 2895 apud
1507 2809 1684 2874 Hesiodum
1698 2809 1833 2874 Parisini
1847 2810 2002 2892 scriptura

608 2914 702 3000 χώρῳ
725 2912 759 2978 ἐν
781 2912 886 2980 εύᾶέῖ
910 2912 966 2979 καὶ
989 2909 1169 3002 ἐυτροχάλῳ
1192 2912 1227 2979 ἐν
1249 2911 1351 3002 ‹il-cog,

184 3043 290 3108 neque
314 3043 423 3088 moror
444 3023 562 3088 vocalis
585 3046 598 3086 ι
621 3023 865 3107 longitudinem:
893 3042 989 3087 nemo
1012 3025 1099 3088 enim
1120 3041 1207 3086 nunc
1231 3025 1332 3087 nescit
1353 3043 1391 3088 ea
1413 3042 1494 3106 quae
1517 3025 1634 3107 optime
1655 3021 1817 3087 Hartelius
1840 3021 1879 3086 de
1903 3020 2001 3086 dativi

183 3134 219 3196 in
243 3155 255 3195 ι
279 3133 475 3196 terminantis
497 3136 611 3195 natura
634 3130 816 3214 disputavit,
840 3149 921 3213 quae
943 3129 1059 3211 littera,
1086 3148 1202 3213 anceps
1224 3149 1281 3214 per
1302 3149 1350 3212 se,
1378 3129 1461 3214 apud
1484 3128 1662 3195 Homerum
1685 3148 1790 3194 arseos
1813 3130 1845 3192 vi
1867 3129 2001 3212 produci

183 3243 292 3323 potest
338 3236 447 3321 Longe
475 3242 580 3300 autem
608 3236 669 3300 alie
695 3243 788 3320 atque
817 3236 964 3301 adiectivi
992 3232 1087 3323 εύᾰὴς
1112 3237 1192 3300 ratio
1220 3242 1267 3300 est
1293 3236 1440 3301 vocabuli
1463 3233 1553 3324 ζαής,
1579 3236 1705 3321 quode
1728 3231 2000 3321 dc-ofrjgnatum

185 3364 253 3409 esse
276 3350 413 3429 apparet
458 3343 570 3427 Itaque
592 3343 787 3427 paenultima
808 3343 913 3408 brevis
936 3361 1005 3407 esse
1028 3343 1116 3407 nullo
1139 3348 1230 3426 pacto
1253 3349 1366 3427 potest,
1390 3343 1477 3408 unde
1501 3345 1638 3424 synizesi
1661 3361 1740 3426 opus
1762 3361 1831 3406 esse
1848 3342 1903 3406 Th.
1918 3344 1999 3405 253:

611 3447 732 3526 πνοιάς
753 3471 790 3514 τε
812 3446 913 3557 ζᾶέιρν
937 3445 1063 3531 ἀνέμων

183 3599 270 3644 nuno
292 3580 496 3664 perspicuum
518 3585 572 3643 est.
611 3578 769 3664 Exempla
790 3579 829 3642 ab
852 3577 990 3642 Rzachio
1012 3578 1104 3644 Neue
1125 3577 1221 3643 Beitr.
1246 3599 1274 3663 p.
1292 3580 1333 3642 28
1358 3579 1439 3642 hanc
1461 3577 1502 3642 ob
1526 3596 1653 3640 causam
1676 3577 1782 3658 allata,
1804 3583 1841 3640 ut
1863 3577 1999 3640 litteram

183 3709 205 3749 α
228 3687 343 3750 horum
366 3686 593 3751 adiectivorum
615 3706 775 3770 nusquam
797 3705 862 3749 non
884 3685 1014 3769 longam
1039 3704 1107 3749 esse
1130 3684 1359 3767 ostenderetur,
1386 3685 1447 3749 hoc
1473 3704 1575 3748 unum
1603 3682 1717 3747 docent
1743 3685 1777 3746 in
1800 3685 1845 3746 eis
1868 3703 1930 3746 non
1955 3684 1999 3746 ita

184 3794 349 3858 evanuisse
376 3794 512 3877 priscam
538 3792 653 3857 radicis
676 3789 723 3856 df
742 3794 812 3875 (ἂν)
839 3797 999 3874 naturam,
1026 3798 1063 3856 ut
1088 3794 1121 3855 vi
1148 3811 1253 3856 arseos
1282 3798 1413 3877 urgente
1439 3790 1604 3874 longitudo
1632 3792 1766 3855 emicare
1793 3810 1858 3855 non
1886 3795 1998 3874 posset.

184 3899 266 3965 Sunt
291 3901 377 3964 enim
406 3900 552 3985 exempla
573 3896 735 3986 Ζεφύροιο
762 3894 896 3975 ύυσᾶέος
919 3899 1046 3982 φ200,
1077 3900 1195 3980 μ289,
1227 3894 1375 3984 Ζέφυρός
1400 3918 1436 3960 τε
1463 3895 1584 3983 δυσαής
1606 3898 1715 3978 ε295,
1746 3895 1894 3983 δυσαήων
1914 3892 1999 3980 μέγα

182 4016 270 4089 κῦμα
292 4008 380 4070 ν99;
404 4007 558 4072 adiectiva
580 4002 703 4093 ἀκραὴς
725 4013 756 4071 et
777 4005 922 4092 ύπεραὴς
939 4025 1004 4069 non
1022 4007 1149 4090 respicit
1161 4004 1326 4069 Rzachius.
1360 4001 1443 4079 Quid
1458 4004 1577 4068 miilta?
1606 4002 1696 4068 Cadit
1708 4006 1742 4068 in
1756 4006 1838 4068 hanc
1856 4003 1998 4066 vocalem

183 4116 275 4200 plane
298 4113 408 4178 eadem
430 4116 509 4178 ratio
534 4134 630 4197 quam
649 4113 746 4177 dativi
762 4115 798 4177 in
817 4136 830 4176 ι
849 4113 994 4177 exeuntis
1012 4130 1080 4176 esse
1094 4110 1217 4175 dudum
1230 4109 1392 4174 Hartelius
1406 4110 1643 4175 demonstravit:
1667 4111 1758 4174 radix
1777 4114 1834 4187 af,
1850 4109 1998 4193 ambigua

183 4242 240 4307 per
261 4241 309 4304 se,
328 4222 360 4284 vi
378 4240 483 4284 arseos
502 4221 669 4286 accedente
687 4220 883 4305 producitur,
906 4221 940 4282 in
958 4219 1040 4282 thesi
1058 4219 1238 4302 corripitur:
1261 4237 1365 4281 unum
1384 4217 1469 4302 quod
1487 4217 1612 4282 videtur
1624 4235 1800 4301 repugnare
1814 4216 1997 4300 exemplum

182 4352 207 4410 μ
232 4331 310 4394 313;
331 4317 446 4411 Ὦροεν
468 4321 528 4390 ἔπι
551 4323 627 4414 ζᾱην
649 4324 774 4408 ἀνεμον,
798 4326 934 4390 duarum
955 4325 1114 4389 vocalium
1137 4324 1348 4389 contractione
1371 4325 1595 4409 explicandum
1618 4330 1672 4388 est

317 4433 442 4499 XXIH
494 4433 575 4498 Utor
606 4434 678 4498 data
705 4435 868 4498 occasione
895 4432 935 4496 ad
963 4431 1214 4496 emendationem
1242 4451 1337 4515 quam
1365 4451 1448 4494 anno
1478 4433 1561 4496 1881
1591 4430 1708 4516 protuli
1735 4448 1821 4493 nunc
1849 4430 1996 4514 exemplo

183 4543 276 4626 plane
300 4540 556 4607 confirmandam.
602 4539 679 4604 Dixi
701 4543 735 4605 in
758 4539 923 4624 Philologo
946 4544 966 4603 t.
985 4537 1062 4603 XLI
1084 4540 1148 4623 p.3
1173 4535 1231 4623 Op.
1248 4539 1311 4602 140
1335 4557 1435 4621 seqq.:

611 4644 712 4733 αὐτὰρ
736 4643 811 4711 ἐπεὶ
834 4643 891 4710 καὶ
913 4653 1008 4710 τοῦτο
1030 4641 1120 4729 γένος
1142 4644 1227 4708 κατὰ
1249 4647 1327 4728 γαῖα
1349 4641 1491 4725 κάλαφε,

611 4750 663 4818 τοὶ
684 4750 744 4835 μέν
766 4751 963 4834 ὑποχθόνιοι
984 4749 1130 4838 μάκαρες
1151 4747 1270 4840 θνητοὶ
1293 4748 1478 4830 καλέονται,

611 4858 768 4946 δεύτεροι,
793 4857 862 4924 ἀλλ’
885 4852 995 4947 ἔμπης
1016 4859 1095 4947 τιμὴ
1117 4856 1174 4924 καὶ
1197 4861 1302 4924 τοῖσιν
1324 4853 1444 4945 ὀπηδεῖ
