<?xml version="1.0" encoding="UTF-8"?>
<!DOCTYPE html PUBLIC "-//W3C//DTD XHTML 1.0 Transitional//EN"
    "http://www.w3.org/TR/xhtml1/DTD/xhtml1-transitional.dtd">
<html xmlns="http://www.w3.org/1999/xhtml" xml:lang="en" lang="en">
 <head>
  <title>
</title>
<meta http-equiv="Content-Type" content="text/html;charset=utf-8" />
  <meta name='ocr-system' content='tesseract 3.04.00' />
  <meta name='ocr-capabilities' content='ocr_page ocr_carea ocr_par ocr_line ocrx_word'/>
</head>
<body>
  <div class='ocr_page' id='page_1' title='image "./quaestionestheo00jordgoog_0020.png"; bbox 0 0 4374 5528; ppageno 0'>
   <div class='ocr_carea' id='block_1_1' title="bbox 1076 347 1116 410">
    <p class='ocr_par' dir='ltr' id='par_1_1' title="bbox 1076 347 1116 410">
     <span class='ocr_line' id='line_1_1' title="bbox 1076 347 1116 410; baseline -0.025 0"><span class='ocrx_word' id='word_1_1' title='bbox 1076 347 1116 410; x_wconf 88' lang='lat'>15</span> 
     </span>
    </p>
   </div>
   <div class='ocr_carea' id='block_1_2' title="bbox 184 559 1993 5128">
    <p class='ocr_par' dir='ltr' id='par_1_2' title="bbox 186 559 1993 1891">
     <span class='ocr_line' id='line_1_2' title="bbox 191 559 1992 647; baseline 0.002 -25"><span class='ocrx_word' id='word_1_2' title='bbox 191 559 380 623; x_wconf 90' lang='lat' dir='ltr'>leviuseulis</span> <span class='ocrx_word' id='word_1_3' title='bbox 404 561 589 642; x_wconf 89' lang='lat' dir='ltr'>inquinatos</span> <span class='ocrx_word' id='word_1_4' title='bbox 613 560 754 623; x_wconf 77' lang='lat' dir='ltr'>codicem</span> <span class='ocrx_word' id='word_1_5' title='bbox 778 562 955 643; x_wconf 89' lang='lat' dir='ltr'>parisiuum</span> <span class='ocrx_word' id='word_1_6' title='bbox 985 563 1254 646; x_wconf 80' lang='lat' dir='ltr'>deprehendimus</span> <span class='ocrx_word' id='word_1_7' title='bbox 1277 562 1515 647; x_wconf 88' lang='lat' dir='ltr'>recuperandae</span> <span class='ocrx_word' id='word_1_8' title='bbox 1546 564 1723 646; x_wconf 77' lang='lat' dir='ltr'>scripturae</span> <span class='ocrx_word' id='word_1_9' title='bbox 1755 564 1889 627; x_wconf 79' lang='lat' dir='ltr'>traditae</span> <span class='ocrx_word' id='word_1_10' title='bbox 1922 562 1992 625; x_wconf 92' lang='lat' dir='ltr'>fon·</span> 
     </span>
     <span class='ocr_line' id='line_1_3' title="bbox 191 685 1993 770; baseline 0 -21"><span class='ocrx_word' id='word_1_11' title='bbox 191 691 253 749; x_wconf 91' lang='lat' dir='ltr'>tcnr</span> <span class='ocrx_word' id='word_1_12' title='bbox 280 686 431 763; x_wconf 79' lang='lat' dir='ltr'>unicum3</span> <span class='ocrx_word' id='word_1_13' title='bbox 456 689 619 767; x_wconf 88' lang='lat' dir='ltr'>praeterea</span> <span class='ocrx_word' id='word_1_14' title='bbox 643 690 789 749; x_wconf 76' lang='lat' dir='ltr'>constare</span> <span class='ocrx_word' id='word_1_15' title='bbox 805 685 975 751; x_wconf 83' lang='lat' dir='ltr'>docuimus</span> <span class='ocrx_word' id='word_1_16' title='bbox 999 690 1185 751; x_wconf 89' lang='lat' dir='ltr'>iteratorum</span> <span class='ocrx_word' id='word_1_17' title='bbox 1212 707 1364 751; x_wconf 83' lang='lat' dir='ltr'>versuum</span> <span class='ocrx_word' id='word_1_18' title='bbox 1382 688 1627 770; x_wconf 88' lang='lat' dir='ltr'>discrepantiam</span> <span class='ocrx_word' id='word_1_19' title='bbox 1644 687 1684 749; x_wconf 90' lang='lat' dir='ltr'>ab</span> <span class='ocrx_word' id='word_1_20' title='bbox 1706 687 1838 750; x_wconf 89' lang='lat' dir='ltr'>arbitrio</span> <span class='ocrx_word' id='word_1_21' title='bbox 1855 686 1993 767; x_wconf 89' lang='lat' dir='ltr'>lusuque</span> 
     </span>
     <span class='ocr_line' id='line_1_4' title="bbox 191 809 1991 895; baseline -0.001 -21"><span class='ocrx_word' id='word_1_22' title='bbox 191 812 262 874; x_wconf 89' lang='lat' dir='ltr'>eius</span> <span class='ocrx_word' id='word_1_23' title='bbox 286 810 424 873; x_wconf 90' lang='lat' dir='ltr'>hominis</span> <span class='ocrx_word' id='word_1_24' title='bbox 448 829 518 874; x_wconf 88' lang='lat' dir='ltr'>csse</span> <span class='ocrx_word' id='word_1_25' title='bbox 541 809 757 893; x_wconf 88' lang='lat' dir='ltr'>repetendam,</span> <span class='ocrx_word' id='word_1_26' title='bbox 783 811 838 893; x_wconf 81' lang='lat' dir='ltr'>qm</span> <span class='ocrx_word' id='word_1_27' title='bbox 862 812 1000 875; x_wconf 90' lang='lat' dir='ltr'>iterandi</span> <span class='ocrx_word' id='word_1_28' title='bbox 1024 833 1078 877; x_wconf 88' lang='lat' dir='ltr'>cos</span> <span class='ocrx_word' id='word_1_29' title='bbox 1102 818 1216 876; x_wconf 88' lang='lat' dir='ltr'>auctor</span> <span class='ocrx_word' id='word_1_30' title='bbox 1238 812 1309 878; x_wconf 87' lang='lat' dir='ltr'>fuit.</span> <span class='ocrx_word' id='word_1_31' title='bbox 1356 812 1471 895; x_wconf 88' lang='lat' dir='ltr'>quodsi</span> <span class='ocrx_word' id='word_1_32' title='bbox 1488 813 1672 875; x_wconf 90' lang='lat' dir='ltr'>memineris</span> <span class='ocrx_word' id='word_1_33' title='bbox 1688 818 1795 875; x_wconf 81' lang='lat' dir='ltr'>aethna</span> <span class='ocrx_word' id='word_1_34' title='bbox 1813 830 1881 875; x_wconf 89' lang='lat' dir='ltr'>esse</span> <span class='ocrx_word' id='word_1_35' title='bbox 1897 812 1991 875; x_wconf 88' lang='lat' dir='ltr'>etiam</span> 
     </span>
     <span class='ocr_line' id='line_1_5' title="bbox 190 934 1990 1021; baseline 0.001 -24"><span class='ocrx_word' id='word_1_36' title='bbox 190 935 228 998; x_wconf 91' lang='lat' dir='ltr'>de</span> <span class='ocrx_word' id='word_1_37' title='bbox 252 936 402 999; x_wconf 91' lang='lat' dir='ltr'>varietate</span> <span class='ocrx_word' id='word_1_38' title='bbox 426 935 571 998; x_wconf 90' lang='lat' dir='ltr'>lectionis</span> <span class='ocrx_word' id='word_1_39' title='bbox 595 953 641 1015; x_wconf 92' lang='lat' dir='ltr'>ea,</span> <span class='ocrx_word' id='word_1_40' title='bbox 677 955 774 1018; x_wconf 92' lang='lat' dir='ltr'>quam</span> <span class='ocrx_word' id='word_1_41' title='bbox 809 937 894 999; x_wconf 90' lang='lat' dir='ltr'>circa</span> <span class='ocrx_word' id='word_1_42' title='bbox 925 938 1145 1021; x_wconf 89' lang='lat' dir='ltr'>incorruptum</span> <span class='ocrx_word' id='word_1_43' title='bbox 1176 938 1268 1000; x_wconf 88' lang='lat' dir='ltr'>illum</span> <span class='ocrx_word' id='word_1_44' title='bbox 1301 936 1420 1000; x_wconf 89' lang='lat' dir='ltr'>fontem</span> <span class='ocrx_word' id='word_1_45' title='bbox 1454 938 1590 999; x_wconf 92' lang='lat' dir='ltr'>unicum</span> <span class='ocrx_word' id='word_1_46' title='bbox 1613 935 1744 1000; x_wconf 87' lang='lat' dir='ltr'>libertas</span> <span class='ocrx_word' id='word_1_47' title='bbox 1768 936 1818 1000; x_wconf 89' lang='lat' dir='ltr'>vel</span> <span class='ocrx_word' id='word_1_48' title='bbox 1842 934 1990 999; x_wconf 82' lang='lat' dir='ltr'>titubatio</span> 
     </span>
     <span class='ocr_line' id='line_1_6' title="bbox 188 1059 1992 1144; baseline 0 -22"><span class='ocrx_word' id='word_1_49' title='bbox 188 1060 380 1142; x_wconf 87' lang='lat' dir='ltr'>scriptorum</span> <span class='ocrx_word' id='word_1_50' title='bbox 405 1060 591 1141; x_wconf 90' lang='lat' dir='ltr'>multorum,</span> <span class='ocrx_word' id='word_1_51' title='bbox 615 1061 673 1141; x_wconf 91' lang='lat' dir='ltr'>qui</span> <span class='ocrx_word' id='word_1_52' title='bbox 695 1059 878 1142; x_wconf 83' lang='lat' dir='ltr'>Theognide</span> <span class='ocrx_word' id='word_1_53' title='bbox 902 1061 961 1124; x_wconf 90' lang='lat' dir='ltr'>hec</span> <span class='ocrx_word' id='word_1_54' title='bbox 984 1068 1093 1126; x_wconf 88' lang='lat' dir='ltr'>nostro</span> <span class='ocrx_word' id='word_1_55' title='bbox 1117 1062 1192 1126; x_wconf 91' lang='lat' dir='ltr'>inde</span> <span class='ocrx_word' id='word_1_56' title='bbox 1221 1062 1406 1126; x_wconf 82' lang='lat' dir='ltr'>al&#39;latenis</span> <span class='ocrx_word' id='word_1_57' title='bbox 1435 1066 1577 1144; x_wconf 89' lang='lat' dir='ltr'>tempere</span> <span class='ocrx_word' id='word_1_58' title='bbox 1610 1062 1661 1125; x_wconf 90' lang='lat' dir='ltr'>usi</span> <span class='ocrx_word' id='word_1_59' title='bbox 1694 1067 1779 1142; x_wconf 90' lang='lat' dir='ltr'>sunt,</span> <span class='ocrx_word' id='word_1_60' title='bbox 1809 1059 1992 1123; x_wconf 88' lang='lat' dir='ltr'>accumula-</span> 
     </span>
     <span class='ocr_line' id='line_1_7' title="bbox 189 1182 1991 1269; baseline 0 -23"><span class='ocrx_word' id='word_1_61' title='bbox 189 1202 263 1247; x_wconf 90' lang='lat' dir='ltr'>vere</span> <span class='ocrx_word' id='word_1_62' title='bbox 286 1184 478 1266; x_wconf 80' lang='lat' dir='ltr'>-gaudee</span> <span class='ocrx_word' id='word_1_63' title='bbox 502 1189 609 1247; x_wconf 89' lang='lat' dir='ltr'>autem</span> <span class='ocrx_word' id='word_1_64' title='bbox 636 1184 722 1267; x_wconf 94' lang='lat' dir='ltr'>quod</span> <span class='ocrx_word' id='word_1_65' title='bbox 746 1182 844 1246; x_wconf 82' lang='lat' dir='ltr'>sobrii</span> <span class='ocrx_word' id='word_1_66' title='bbox 868 1184 1017 1249; x_wconf 90' lang='lat' dir='ltr'>homines</span> <span class='ocrx_word' id='word_1_67' title='bbox 1040 1187 1150 1249; x_wconf 91' lang='lat' dir='ltr'>iudicii</span> <span class='ocrx_word' id='word_1_68' title='bbox 1175 1189 1257 1249; x_wconf 89' lang='lat' dir='ltr'>hanc</span> <span class='ocrx_word' id='word_1_69' title='bbox 1287 1206 1398 1248; x_wconf 88' lang='lat' dir='ltr'>sanam</span> <span class='ocrx_word' id='word_1_70' title='bbox 1421 1187 1640 1269; x_wconf 80' lang='lat' dir='ltr'>sospitemque</span> <span class='ocrx_word' id='word_1_71' title='bbox 1673 1204 1808 1249; x_wconf 85' lang='lat' dir='ltr'>messem</span> <span class='ocrx_word' id='word_1_72' title='bbox 1832 1183 1991 1267; x_wconf 86' lang='lat' dir='ltr'>Cruegere</span> 
     </span>
     <span class='ocr_line' id='line_1_8' title="bbox 191 1309 1991 1393; baseline -0.002 -20"><span class='ocrx_word' id='word_1_73' title='bbox 191 1329 261 1373; x_wconf 88' lang='lat' dir='ltr'>meo</span> <span class='ocrx_word' id='word_1_74' title='bbox 285 1328 350 1372; x_wconf 93' lang='lat' dir='ltr'>nen</span> <span class='ocrx_word' id='word_1_75' title='bbox 373 1309 550 1373; x_wconf 81' lang='lat' dir='ltr'>inviderint</span> <span class='ocrx_word' id='word_1_76' title='bbox 562 1346 604 1355; x_wconf 91' lang='lat'><em>-</em></span> <span class='ocrx_word' id='word_1_77' title='bbox 616 1310 709 1372; x_wconf 88' lang='lat' dir='ltr'>firmo</span> <span class='ocrx_word' id='word_1_78' title='bbox 726 1314 877 1390; x_wconf 91' lang='lat' dir='ltr'>certoque</span> <span class='ocrx_word' id='word_1_79' title='bbox 892 1311 995 1393; x_wconf 88' lang='lat' dir='ltr'>gradu</span> <span class='ocrx_word' id='word_1_80' title='bbox 1011 1311 1107 1374; x_wconf 91' lang='lat' dir='ltr'>altius</span> <span class='ocrx_word' id='word_1_81' title='bbox 1123 1311 1215 1374; x_wconf 88' lang='lat' dir='ltr'>evadi</span> <span class='ocrx_word' id='word_1_82' title='bbox 1240 1330 1332 1393; x_wconf 89' lang='lat' dir='ltr'>pesse</span> <span class='ocrx_word' id='word_1_83' title='bbox 1357 1309 1526 1373; x_wconf 85' lang='lat' dir='ltr'>confiteare</span> <span class='ocrx_word' id='word_1_84' title='bbox 1541 1316 1664 1393; x_wconf 84' lang='lat' dir='ltr'>oportet</span> <span class='ocrx_word' id='word_1_85' title='bbox 1680 1309 1720 1373; x_wconf 91' lang='lat' dir='ltr'>ad</span> <span class='ocrx_word' id='word_1_86' title='bbox 1737 1309 1991 1373; x_wconf 84' lang='lat' dir='ltr'>examinandum</span> 
     </span>
     <span class='ocr_line' id='line_1_9' title="bbox 189 1433 1991 1517; baseline -0.002 -20"><span class='ocrx_word' id='word_1_87' title='bbox 189 1434 437 1497; x_wconf 90' lang='lat' dir='ltr'>fundamentum</span> <span class='ocrx_word' id='word_1_88' title='bbox 454 1436 633 1517; x_wconf 89' lang='lat' dir='ltr'>antiquum,</span> <span class='ocrx_word' id='word_1_89' title='bbox 658 1437 691 1497; x_wconf 93' lang='lat' dir='ltr'>in</span> <span class='ocrx_word' id='word_1_90' title='bbox 708 1455 772 1517; x_wconf 93' lang='lat' dir='ltr'>quo</span> <span class='ocrx_word' id='word_1_91' title='bbox 789 1435 866 1497; x_wconf 90' lang='lat' dir='ltr'>haec</span> <span class='ocrx_word' id='word_1_92' title='bbox 882 1434 1004 1517; x_wconf 75' lang='lat' dir='ltr'>sylloge</span> <span class='ocrx_word' id='word_1_93' title='bbox 1020 1455 1038 1497; x_wconf 90' lang='lat' dir='ltr'>a</span> <span class='ocrx_word' id='word_1_94' title='bbox 1053 1436 1272 1517; x_wconf 89' lang='lat' dir='ltr'>grammaticis</span> <span class='ocrx_word' id='word_1_95' title='bbox 1295 1435 1438 1498; x_wconf 80' lang='lat' dir='ltr'>classicis</span> <span class='ocrx_word' id='word_1_96' title='bbox 1462 1436 1633 1497; x_wconf 89' lang='lat' dir='ltr'>constituta</span> <span class='ocrx_word' id='word_1_97' title='bbox 1656 1440 1713 1498; x_wconf 89' lang='lat' dir='ltr'>est.</span> <span class='ocrx_word' id='word_1_98' title='bbox 1758 1434 1813 1497; x_wconf 91' lang='lat' dir='ltr'>sed</span> <span class='ocrx_word' id='word_1_99' title='bbox 1839 1433 1991 1515; x_wconf 83' lang='lat' dir='ltr'>quomam</span> 
     </span>
     <span class='ocr_line' id='line_1_10' title="bbox 191 1554 1991 1643; baseline 0 -23"><span class='ocrx_word' id='word_1_100' title='bbox 191 1561 318 1636; x_wconf 90' lang='lat' dir='ltr'>metam,</span> <span class='ocrx_word' id='word_1_101' title='bbox 342 1558 380 1620; x_wconf 90' lang='lat' dir='ltr'>ad</span> <span class='ocrx_word' id='word_1_102' title='bbox 406 1579 503 1641; x_wconf 91' lang='lat' dir='ltr'>quam</span> <span class='ocrx_word' id='word_1_103' title='bbox 519 1578 738 1643; x_wconf 79' lang='lat' dir='ltr'>properamus,</span> <span class='ocrx_word' id='word_1_104' title='bbox 762 1577 867 1642; x_wconf 91' lang='lat' dir='ltr'>neque</span> <span class='ocrx_word' id='word_1_105' title='bbox 891 1560 923 1620; x_wconf 92' lang='lat' dir='ltr'>in</span> <span class='ocrx_word' id='word_1_106' title='bbox 949 1560 998 1622; x_wconf 92' lang='lat' dir='ltr'>his</span> <span class='ocrx_word' id='word_1_107' title='bbox 1015 1561 1166 1643; x_wconf 87' lang='lat' dir='ltr'>temporis</span> <span class='ocrx_word' id='word_1_108' title='bbox 1190 1560 1351 1642; x_wconf 89' lang='lat' dir='ltr'>angustiis</span> <span class='ocrx_word' id='word_1_109' title='bbox 1375 1578 1479 1641; x_wconf 91' lang='lat' dir='ltr'>neque</span> <span class='ocrx_word' id='word_1_110' title='bbox 1494 1578 1552 1642; x_wconf 86' lang='lat' dir='ltr'>per</span> <span class='ocrx_word' id='word_1_111' title='bbox 1570 1560 1715 1641; x_wconf 90' lang='lat' dir='ltr'>iniquam</span> <span class='ocrx_word' id='word_1_112' title='bbox 1732 1560 1814 1622; x_wconf 90' lang='lat' dir='ltr'>hanc</span> <span class='ocrx_word' id='word_1_113' title='bbox 1829 1554 1991 1621; x_wconf 90' lang='lat' dir='ltr'>scribendi</span> 
     </span>
     <span class='ocr_line' id='line_1_11' title="bbox 190 1682 1990 1768; baseline -0.001 -23"><span class='ocrx_word' id='word_1_114' title='bbox 190 1683 410 1745; x_wconf 87' lang='lat' dir='ltr'>necessitatem</span> <span class='ocrx_word' id='word_1_115' title='bbox 434 1684 590 1765; x_wconf 88' lang='lat' dir='ltr'>attingere</span> <span class='ocrx_word' id='word_1_116' title='bbox 613 1704 802 1749; x_wconf 87' lang='lat' dir='ltr'>concessum</span> <span class='ocrx_word' id='word_1_117' title='bbox 827 1688 884 1766; x_wconf 86' lang='lat' dir='ltr'>est,</span> <span class='ocrx_word' id='word_1_118' title='bbox 919 1687 1032 1767; x_wconf 69' lang='lat' dir='ltr'>plaucis</span> <span class='ocrx_word' id='word_1_119' title='bbox 1068 1682 1255 1768; x_wconf 89' lang='lat' dir='ltr'>significabo</span> <span class='ocrx_word' id='word_1_120' title='bbox 1290 1704 1373 1767; x_wconf 89' lang='lat' dir='ltr'>quae</span> <span class='ocrx_word' id='word_1_121' title='bbox 1403 1683 1575 1767; x_wconf 89' lang='lat' dir='ltr'>aliquando</span> <span class='ocrx_word' id='word_1_122' title='bbox 1610 1686 1694 1747; x_wconf 87' lang='lat' dir='ltr'>iusto</span> <span class='ocrx_word' id='word_1_123' title='bbox 1728 1689 1990 1766; x_wconf 88' lang='lat' dir='ltr'>argumentorum</span> 
     </span>
     <span class='ocr_line' id='line_1_12' title="bbox 186 1808 770 1891; baseline 0.01 -23"><span class='ocrx_word' id='word_1_124' title='bbox 186 1808 401 1870; x_wconf 88' lang='lat' dir='ltr'>instrumento</span> <span class='ocrx_word' id='word_1_125' title='bbox 424 1808 563 1890; x_wconf 89' lang='lat' dir='ltr'>amplius</span> <span class='ocrx_word' id='word_1_126' title='bbox 588 1826 770 1891; x_wconf 87' lang='lat' dir='ltr'>persequar.</span> 
     </span>
    </p>

    <p class='ocr_par' dir='ltr' id='par_1_3' title="bbox 187 1928 1992 4011">
     <span class='ocr_line' id='line_1_13' title="bbox 348 1928 1991 2017; baseline -0.002 -22"><span class='ocrx_word' id='word_1_127' title='bbox 348 1951 448 2015; x_wconf 90' lang='lat' dir='ltr'>supra</span> <span class='ocrx_word' id='word_1_128' title='bbox 479 1933 618 1995; x_wconf 91' lang='lat' dir='ltr'>vidimus</span> <span class='ocrx_word' id='word_1_129' title='bbox 648 1934 732 1997; x_wconf 90' lang='lat' dir='ltr'>haud</span> <span class='ocrx_word' id='word_1_130' title='bbox 765 1954 866 2017; x_wconf 67' lang='lat' dir='ltr'>pruma</span> <span class='ocrx_word' id='word_1_131' title='bbox 903 1934 1037 1997; x_wconf 90' lang='lat' dir='ltr'>disticha</span> <span class='ocrx_word' id='word_1_132' title='bbox 1073 1935 1178 1997; x_wconf 87' lang='lat' dir='ltr'>iterari</span> <span class='ocrx_word' id='word_1_133' title='bbox 1206 1935 1240 1996; x_wconf 94' lang='lat' dir='ltr'>in</span> <span class='ocrx_word' id='word_1_134' title='bbox 1270 1932 1432 1996; x_wconf 78' lang='lat' dir='ltr'>codicibus</span> <span class='ocrx_word' id='word_1_135' title='bbox 1468 1931 1627 2014; x_wconf 89' lang='lat' dir='ltr'>omnibus,</span> <span class='ocrx_word' id='word_1_136' title='bbox 1659 1933 1720 1994; x_wconf 91' lang='lat' dir='ltr'>tria</span> <span class='ocrx_word' id='word_1_137' title='bbox 1755 1933 1790 1993; x_wconf 94' lang='lat' dir='ltr'>in</span> <span class='ocrx_word' id='word_1_138' title='bbox 1826 1930 1902 1993; x_wconf 90' lang='lat' dir='ltr'>solis</span> <span class='ocrx_word' id='word_1_139' title='bbox 1925 1928 1991 2011; x_wconf 85' lang='lat' dir='ltr'>AB,</span> 
     </span>
     <span class='ocr_line' id='line_1_14' title="bbox 187 2054 1991 2141; baseline -0.002 -22"><span class='ocrx_word' id='word_1_140' title='bbox 187 2058 333 2140; x_wconf 92' lang='lat' dir='ltr'>quinque</span> <span class='ocrx_word' id='word_1_141' title='bbox 356 2058 390 2118; x_wconf 94' lang='lat' dir='ltr'>in</span> <span class='ocrx_word' id='word_1_142' title='bbox 414 2056 481 2118; x_wconf 90' lang='lat' dir='ltr'>solo</span> <span class='ocrx_word' id='word_1_143' title='bbox 509 2058 544 2137; x_wconf 77' lang='lat' dir='ltr'>A,</span> <span class='ocrx_word' id='word_1_144' title='bbox 570 2062 602 2120; x_wconf 90' lang='lat' dir='ltr'>at</span> <span class='ocrx_word' id='word_1_145' title='bbox 626 2059 658 2119; x_wconf 91' lang='lat' dir='ltr'>iu</span> <span class='ocrx_word' id='word_1_146' title='bbox 682 2058 749 2121; x_wconf 91' lang='lat' dir='ltr'>sele</span> <span class='ocrx_word' id='word_1_147' title='bbox 774 2058 800 2121; x_wconf 73' lang='lat' dir='ltr'>lt</span> <span class='ocrx_word' id='word_1_148' title='bbox 825 2078 865 2121; x_wconf 93' lang='lat' dir='ltr'>ue</span> <span class='ocrx_word' id='word_1_149' title='bbox 890 2079 989 2122; x_wconf 85' lang='lat' dir='ltr'>unrmr</span> <span class='ocrx_word' id='word_1_150' title='bbox 1015 2058 1154 2141; x_wconf 92' lang='lat' dir='ltr'>quidem.</span> <span class='ocrx_word' id='word_1_151' title='bbox 1200 2062 1362 2140; x_wconf 88' lang='lat' dir='ltr'>praeterea</span> <span class='ocrx_word' id='word_1_152' title='bbox 1386 2058 1558 2120; x_wconf 86' lang='lat' dir='ltr'>docuimus</span> <span class='ocrx_word' id='word_1_153' title='bbox 1582 2060 1744 2120; x_wconf 84' lang='lat' dir='ltr'>auctorem</span> <span class='ocrx_word' id='word_1_154' title='bbox 1766 2054 1880 2116; x_wconf 89' lang='lat' dir='ltr'>harum</span> <span class='ocrx_word' id='word_1_155' title='bbox 1897 2055 1991 2116; x_wconf 87' lang='lat' dir='ltr'>itera-</span> 
     </span>
     <span class='ocr_line' id='line_1_15' title="bbox 187 2178 1990 2265; baseline -0.002 -22"><span class='ocrx_word' id='word_1_156' title='bbox 187 2183 309 2245; x_wconf 91' lang='lat' dir='ltr'>tionum</span> <span class='ocrx_word' id='word_1_157' title='bbox 334 2186 447 2263; x_wconf 93' lang='lat' dir='ltr'>suopte</span> <span class='ocrx_word' id='word_1_158' title='bbox 471 2182 603 2244; x_wconf 89' lang='lat' dir='ltr'>consilio</span> <span class='ocrx_word' id='word_1_159' title='bbox 627 2201 729 2265; x_wconf 90' lang='lat' dir='ltr'>eoque</span> <span class='ocrx_word' id='word_1_160' title='bbox 753 2185 891 2265; x_wconf 91' lang='lat' dir='ltr'>pessime</span> <span class='ocrx_word' id='word_1_161' title='bbox 915 2184 1063 2246; x_wconf 89' lang='lat' dir='ltr'>traditum</span> <span class='ocrx_word' id='word_1_162' title='bbox 1088 2182 1336 2265; x_wconf 78' lang='lat' dir='ltr'>archetyporum</span> <span class='ocrx_word' id='word_1_163' title='bbox 1353 2183 1545 2264; x_wconf 86' lang='lat' dir='ltr'>scripturam</span> <span class='ocrx_word' id='word_1_164' title='bbox 1561 2182 1760 2258; x_wconf 90' lang='lat' dir='ltr'>immutasse,</span> <span class='ocrx_word' id='word_1_165' title='bbox 1784 2178 1990 2263; x_wconf 83' lang='lat' dir='ltr'>partimsolo</span> 
     </span>
     <span class='ocr_line' id='line_1_16' title="bbox 187 2284 1991 2391; baseline -0.003 -22"><span class='ocrx_word' id='word_1_166' title='bbox 187 2307 320 2369; x_wconf 92' lang='lat' dir='ltr'>ductum</span> <span class='ocrx_word' id='word_1_167' title='bbox 346 2306 491 2368; x_wconf 89' lang='lat' dir='ltr'>variandi</span> <span class='ocrx_word' id='word_1_168' title='bbox 515 2307 650 2388; x_wconf 82' lang='lat' dir='ltr'>pruritu,</span> <span class='ocrx_word' id='word_1_169' title='bbox 673 2309 789 2391; x_wconf 90' lang='lat' dir='ltr'>partim</span> <span class='ocrx_word' id='word_1_170' title='bbox 815 2308 900 2391; x_wconf 65' lang='lat' dir='ltr'>(qued</span> <span class='ocrx_word' id='word_1_171' title='bbox 936 2309 1160 2391; x_wconf 86' lang='lat' dir='ltr'>proprietatem</span> <span class='ocrx_word' id='word_1_172' title='bbox 1196 2306 1425 2370; x_wconf 90' lang='lat' dir='ltr'>vocabulorum</span> <span class='ocrx_word' id='word_1_173' title='bbox 1460 2309 1770 2386; x_wconf 82' lang='lat' dir='ltr'>sententiarumque,</span> <span class='ocrx_word' id='word_1_174' title='bbox 1803 2284 1909 2366; x_wconf 92' lang='lat' dir='ltr'>hebeti</span> <span class='ocrx_word' id='word_1_175' title='bbox 1938 2302 1991 2364; x_wconf 88' lang='lat' dir='ltr'>ille</span> 
     </span>
     <span class='ocr_line' id='line_1_17' title="bbox 189 2428 1989 2515; baseline -0.002 -23"><span class='ocrx_word' id='word_1_176' title='bbox 189 2430 353 2514; x_wconf 91' lang='lat' dir='ltr'>praeditus</span> <span class='ocrx_word' id='word_1_177' title='bbox 377 2448 474 2493; x_wconf 91' lang='lat' dir='ltr'>sensu</span> <span class='ocrx_word' id='word_1_178' title='bbox 502 2432 725 2514; x_wconf 83' lang='lat' dir='ltr'>sermonisque</span> <span class='ocrx_word' id='word_1_179' title='bbox 748 2434 938 2515; x_wconf 87' lang='lat' dir='ltr'>antiquioris</span> <span class='ocrx_word' id='word_1_180' title='bbox 962 2452 1074 2515; x_wconf 91' lang='lat' dir='ltr'>parum</span> <span class='ocrx_word' id='word_1_181' title='bbox 1099 2452 1228 2515; x_wconf 90' lang='lat' dir='ltr'>gnarus,</span> <span class='ocrx_word' id='word_1_182' title='bbox 1262 2433 1347 2495; x_wconf 91' lang='lat' dir='ltr'>iusto</span> <span class='ocrx_word' id='word_1_183' title='bbox 1386 2433 1494 2496; x_wconf 90' lang='lat' dir='ltr'>minus</span> <span class='ocrx_word' id='word_1_184' title='bbox 1528 2431 1697 2494; x_wconf 77' lang='lat' dir='ltr'>intellexit.</span> <span class='ocrx_word' id='word_1_185' title='bbox 1744 2430 1815 2492; x_wconf 92' lang='lat' dir='ltr'>eius</span> <span class='ocrx_word' id='word_1_186' title='bbox 1849 2428 1989 2490; x_wconf 87' lang='lat' dir='ltr'>hominis</span> 
     </span>
     <span class='ocr_line' id='line_1_18' title="bbox 193 2552 1989 2639; baseline 0 -24"><span class='ocrx_word' id='word_1_187' title='bbox 193 2574 321 2639; x_wconf 87' lang='lat' dir='ltr'>operam</span> <span class='ocrx_word' id='word_1_188' title='bbox 346 2574 517 2617; x_wconf 88' lang='lat' dir='ltr'>commune</span> <span class='ocrx_word' id='word_1_189' title='bbox 542 2556 687 2619; x_wconf 88' lang='lat' dir='ltr'>codicurrr</span> <span class='ocrx_word' id='word_1_190' title='bbox 717 2558 859 2619; x_wconf 91' lang='lat' dir='ltr'>emnium</span> <span class='ocrx_word' id='word_1_191' title='bbox 895 2556 1101 2639; x_wconf 89' lang='lat' dir='ltr'>archetypen,</span> <span class='ocrx_word' id='word_1_192' title='bbox 1133 2556 1219 2638; x_wconf 92' lang='lat' dir='ltr'>quod</span> <span class='ocrx_word' id='word_1_193' title='bbox 1254 2556 1383 2619; x_wconf 90' lang='lat' dir='ltr'>saeculo</span> <span class='ocrx_word' id='word_1_194' title='bbox 1415 2556 1538 2619; x_wconf 90' lang='lat' dir='ltr'>decimo</span> <span class='ocrx_word' id='word_1_195' title='bbox 1573 2554 1740 2636; x_wconf 89' lang='lat' dir='ltr'>antiquius</span> <span class='ocrx_word' id='word_1_196' title='bbox 1774 2552 1880 2634; x_wconf 89' lang='lat' dir='ltr'>fuerit,</span> <span class='ocrx_word' id='word_1_197' title='bbox 1909 2552 1989 2616; x_wconf 88' lang='lat' dir='ltr'>intc-</span> 
     </span>
     <span class='ocr_line' id='line_1_19' title="bbox 187 2676 1991 2765; baseline 0 -24"><span class='ocrx_word' id='word_1_198' title='bbox 187 2699 276 2763; x_wconf 89' lang='lat' dir='ltr'>gram</span> <span class='ocrx_word' id='word_1_199' title='bbox 311 2678 494 2742; x_wconf 81' lang='lat' dir='ltr'>exhibuerit</span> <span class='ocrx_word' id='word_1_200' title='bbox 528 2686 658 2762; x_wconf 91' lang='lat' dir='ltr'>oportet,</span> <span class='ocrx_word' id='word_1_201' title='bbox 693 2682 943 2764; x_wconf 87' lang='lat' dir='ltr'>repraesentavit</span> <span class='ocrx_word' id='word_1_202' title='bbox 978 2688 1083 2744; x_wconf 90' lang='lat' dir='ltr'>autem</span> <span class='ocrx_word' id='word_1_203' title='bbox 1123 2682 1280 2765; x_wconf 88' lang='lat' dir='ltr'>integram</span> <span class='ocrx_word' id='word_1_204' title='bbox 1315 2685 1344 2744; x_wconf 91' lang='lat' dir='ltr'>is</span> <span class='ocrx_word' id='word_1_205' title='bbox 1380 2699 1477 2762; x_wconf 90' lang='lat' dir='ltr'>quem</span> <span class='ocrx_word' id='word_1_206' title='bbox 1511 2680 1615 2743; x_wconf 89' lang='lat' dir='ltr'>solum</span> <span class='ocrx_word' id='word_1_207' title='bbox 1651 2677 1791 2741; x_wconf 88' lang='lat' dir='ltr'>vidimus</span> <span class='ocrx_word' id='word_1_208' title='bbox 1826 2697 1898 2741; x_wconf 93' lang='lat' dir='ltr'>cum</span> <span class='ocrx_word' id='word_1_209' title='bbox 1927 2676 1991 2741; x_wconf 91' lang='lat' dir='ltr'>fide</span> 
     </span>
     <span class='ocr_line' id='line_1_20' title="bbox 191 2803 1990 2889; baseline -0.001 -22"><span class='ocrx_word' id='word_1_210' title='bbox 191 2804 355 2887; x_wconf 82' lang='lat' dir='ltr'>archetypi</span> <span class='ocrx_word' id='word_1_211' title='bbox 378 2804 551 2885; x_wconf 81' lang='lat' dir='ltr'>imaginem</span> <span class='ocrx_word' id='word_1_212' title='bbox 576 2807 782 2887; x_wconf 80' lang='lat' dir='ltr'>expressisse,</span> <span class='ocrx_word' id='word_1_213' title='bbox 806 2807 940 2889; x_wconf 84' lang='lat' dir='ltr'>scriptor</span> <span class='ocrx_word' id='word_1_214' title='bbox 963 2805 1035 2867; x_wconf 91' lang='lat' dir='ltr'>libri</span> <span class='ocrx_word' id='word_1_215' title='bbox 1058 2806 1201 2887; x_wconf 91' lang='lat' dir='ltr'>parisini,</span> <span class='ocrx_word' id='word_1_216' title='bbox 1225 2804 1320 2888; x_wconf 77' lang='lat' dir='ltr'>prevale</span> <span class='ocrx_word' id='word_1_217' title='bbox 1343 2807 1547 2868; x_wconf 90' lang='lat' dir='ltr'>imminutam</span> <span class='ocrx_word' id='word_1_218' title='bbox 1568 2803 1715 2868; x_wconf 87' lang='lat' dir='ltr'>vaticani.</span> <span class='ocrx_word' id='word_1_219' title='bbox 1761 2804 1817 2867; x_wconf 92' lang='lat' dir='ltr'>sed</span> <span class='ocrx_word' id='word_1_220' title='bbox 1845 2803 1990 2867; x_wconf 89' lang='lat' dir='ltr'>eiusdem</span> 
     </span>
     <span class='ocr_line' id='line_1_21' title="bbox 187 2928 1988 3029; baseline -0.001 -38"><span class='ocrx_word' id='word_1_221' title='bbox 187 2929 328 2991; x_wconf 87' lang='lat' dir='ltr'>hominis</span> <span class='ocrx_word' id='word_1_222' title='bbox 352 2964 393 2973; x_wconf 88' lang='lat'>—</span> <span class='ocrx_word' id='word_1_223' title='bbox 417 2928 608 2992; x_wconf 90' lang='lat' dir='ltr'>diorthotam</span> <span class='ocrx_word' id='word_1_224' title='bbox 632 2950 705 2994; x_wconf 91' lang='lat' dir='ltr'>eum</span> <span class='ocrx_word' id='word_1_225' title='bbox 742 2930 1145 3029; x_wconf 77' lang='lat' dir='ltr'>magistellumquesupra</span> <span class='ocrx_word' id='word_1_226' title='bbox 1178 2930 1353 2994; x_wconf 89' lang='lat' dir='ltr'>identidem</span> <span class='ocrx_word' id='word_1_227' title='bbox 1378 2930 1489 2993; x_wconf 90' lang='lat' dir='ltr'>vocavi</span> <span class='ocrx_word' id='word_1_228' title='bbox 1514 2964 1554 2973; x_wconf 91' lang='lat'>-</span> <span class='ocrx_word' id='word_1_229' title='bbox 1590 2947 1722 2991; x_wconf 90' lang='lat' dir='ltr'>manum</span> <span class='ocrx_word' id='word_1_230' title='bbox 1761 2929 1988 3010; x_wconf 87' lang='lat' dir='ltr'>corruptricem</span> 
     </span>
     <span class='ocr_line' id='line_1_22' title="bbox 190 3050 1990 3137; baseline -0.001 -22"><span class='ocrx_word' id='word_1_231' title='bbox 190 3053 286 3115; x_wconf 91' lang='lat' dir='ltr'>etiam</span> <span class='ocrx_word' id='word_1_232' title='bbox 310 3052 406 3116; x_wconf 90' lang='lat' dir='ltr'>latius</span> <span class='ocrx_word' id='word_1_233' title='bbox 422 3073 556 3135; x_wconf 89' lang='lat' dir='ltr'>vagasse</span> <span class='ocrx_word' id='word_1_234' title='bbox 580 3056 691 3118; x_wconf 91' lang='lat' dir='ltr'>videor</span> <span class='ocrx_word' id='word_1_235' title='bbox 714 3056 789 3117; x_wconf 93' lang='lat' dir='ltr'>mihi</span> <span class='ocrx_word' id='word_1_236' title='bbox 815 3055 1087 3118; x_wconf 89' lang='lat' dir='ltr'>animadvertisse.</span> <span class='ocrx_word' id='word_1_237' title='bbox 1135 3059 1245 3117; x_wconf 80' lang='lat' dir='ltr'>extant</span> <span class='ocrx_word' id='word_1_238' title='bbox 1270 3056 1302 3115; x_wconf 92' lang='lat' dir='ltr'>in</span> <span class='ocrx_word' id='word_1_239' title='bbox 1326 3054 1450 3137; x_wconf 80' lang='lat' dir='ltr'>sylloge</span> <span class='ocrx_word' id='word_1_240' title='bbox 1465 3058 1574 3117; x_wconf 88' lang='lat' dir='ltr'>nostra</span> <span class='ocrx_word' id='word_1_241' title='bbox 1591 3052 1672 3135; x_wconf 88' lang='lat' dir='ltr'>elegi</span> <span class='ocrx_word' id='word_1_242' title='bbox 1689 3050 1837 3114; x_wconf 89' lang='lat' dir='ltr'>nonrmlli</span> <span class='ocrx_word' id='word_1_243' title='bbox 1854 3050 1990 3132; x_wconf 84' lang='lat' dir='ltr'>Solonis,</span> 
     </span>
     <span class='ocr_line' id='line_1_23' title="bbox 189 3175 1987 3262; baseline -0.001 -24"><span class='ocrx_word' id='word_1_244' title='bbox 189 3181 300 3239; x_wconf 78' lang='lat' dir='ltr'>extant</span> <span class='ocrx_word' id='word_1_245' title='bbox 323 3176 457 3240; x_wconf 89' lang='lat' dir='ltr'>aliorum</span> <span class='ocrx_word' id='word_1_246' title='bbox 482 3184 649 3260; x_wconf 91' lang='lat' dir='ltr'>poetarum</span> <span class='ocrx_word' id='word_1_247' title='bbox 674 3181 816 3243; x_wconf 89' lang='lat' dir='ltr'>carmina</span> <span class='ocrx_word' id='word_1_248' title='bbox 841 3181 1026 3243; x_wconf 79' lang='lat' dir='ltr'>intermixta</span> <span class='ocrx_word' id='word_1_249' title='bbox 1059 3180 1270 3262; x_wconf 90' lang='lat' dir='ltr'>theognidcis.</span> <span class='ocrx_word' id='word_1_250' title='bbox 1316 3180 1378 3241; x_wconf 89' lang='lat' dir='ltr'>ium</span> <span class='ocrx_word' id='word_1_251' title='bbox 1405 3200 1424 3240; x_wconf 90' lang='lat' dir='ltr'>a</span> <span class='ocrx_word' id='word_1_252' title='bbox 1448 3178 1573 3241; x_wconf 79' lang='lat' dir='ltr'>Soloeis</span> <span class='ocrx_word' id='word_1_253' title='bbox 1597 3181 1699 3253; x_wconf 81' lang='lat' dir='ltr'>textu,</span> <span class='ocrx_word' id='word_1_254' title='bbox 1733 3176 1838 3258; x_wconf 89' lang='lat' dir='ltr'>qualis</span> <span class='ocrx_word' id='word_1_255' title='bbox 1862 3175 1987 3239; x_wconf 87' lang='lat' dir='ltr'>Stebaei</span> 
     </span>
     <span class='ocr_line' id='line_1_24' title="bbox 190 3300 1990 3386; baseline -0.001 -22"><span class='ocrx_word' id='word_1_256' title='bbox 190 3300 420 3383; x_wconf 79' lang='lat' dir='ltr'>l‘lutarclrique</span> <span class='ocrx_word' id='word_1_257' title='bbox 443 3304 602 3386; x_wconf 81' lang='lat' dir='ltr'>excerptis</span> <span class='ocrx_word' id='word_1_258' title='bbox 626 3304 763 3369; x_wconf 89' lang='lat' dir='ltr'>traditus</span> <span class='ocrx_word' id='word_1_259' title='bbox 788 3309 845 3381; x_wconf 92' lang='lat' dir='ltr'>cst,</span> <span class='ocrx_word' id='word_1_260' title='bbox 870 3305 922 3367; x_wconf 93' lang='lat' dir='ltr'>hic</span> <span class='ocrx_word' id='word_1_261' title='bbox 945 3310 1055 3367; x_wconf 91' lang='lat' dir='ltr'>nester</span> <span class='ocrx_word' id='word_1_262' title='bbox 1082 3303 1274 3384; x_wconf 90' lang='lat' dir='ltr'>aliquotiens</span> <span class='ocrx_word' id='word_1_263' title='bbox 1302 3302 1470 3386; x_wconf 88' lang='lat' dir='ltr'>discrepat.</span> <span class='ocrx_word' id='word_1_264' title='bbox 1518 3302 1633 3385; x_wconf 89' lang='lat' dir='ltr'>quodsi</span> <span class='ocrx_word' id='word_1_265' title='bbox 1665 3302 1862 3365; x_wconf 88' lang='lat' dir='ltr'>concesseris</span> <span class='ocrx_word' id='word_1_266' title='bbox 1891 3302 1990 3383; x_wconf 88' lang='lat' dir='ltr'>scrip-</span> 
     </span>
     <span class='ocr_line' id='line_1_25' title="bbox 187 3424 1989 3511; baseline 0.001 -25"><span class='ocrx_word' id='word_1_267' title='bbox 187 3430 294 3487; x_wconf 91' lang='lat' dir='ltr'>torum</span> <span class='ocrx_word' id='word_1_268' title='bbox 319 3424 445 3488; x_wconf 91' lang='lat' dir='ltr'>illorum</span> <span class='ocrx_word' id='word_1_269' title='bbox 472 3433 597 3491; x_wconf 79' lang='lat' dir='ltr'>textum</span> <span class='ocrx_word' id='word_1_270' title='bbox 621 3428 716 3511; x_wconf 89' lang='lat' dir='ltr'>louge</span> <span class='ocrx_word' id='word_1_271' title='bbox 740 3434 899 3511; x_wconf 88' lang='lat' dir='ltr'>praestare</span> <span class='ocrx_word' id='word_1_272' title='bbox 923 3427 1122 3511; x_wconf 90' lang='lat' dir='ltr'>theognideo,</span> <span class='ocrx_word' id='word_1_273' title='bbox 1145 3428 1200 3488; x_wconf 81' lang='lat' dir='ltr'>vix</span> <span class='ocrx_word' id='word_1_274' title='bbox 1225 3426 1432 3505; x_wconf 88' lang='lat' dir='ltr'>dubitaveris,</span> <span class='ocrx_word' id='word_1_275' title='bbox 1457 3428 1536 3509; x_wconf 93' lang='lat' dir='ltr'>quin</span> <span class='ocrx_word' id='word_1_276' title='bbox 1561 3427 1702 3489; x_wconf 91' lang='lat' dir='ltr'>eiusdem</span> <span class='ocrx_word' id='word_1_277' title='bbox 1725 3426 1865 3489; x_wconf 92' lang='lat' dir='ltr'>heminis</span> <span class='ocrx_word' id='word_1_278' title='bbox 1881 3427 1989 3489; x_wconf 86' lang='lat' dir='ltr'>nasuti</span> 
     </span>
     <span class='ocr_line' id='line_1_26' title="bbox 191 3549 1992 3635; baseline 0.003 -28"><span class='ocrx_word' id='word_1_279' title='bbox 191 3549 361 3630; x_wconf 79' lang='lat' dir='ltr'>certamini,</span> <span class='ocrx_word' id='word_1_280' title='bbox 386 3553 439 3632; x_wconf 93' lang='lat' dir='ltr'>qui</span> <span class='ocrx_word' id='word_1_281' title='bbox 466 3552 596 3615; x_wconf 89' lang='lat' dir='ltr'>iteratos</span> <span class='ocrx_word' id='word_1_282' title='bbox 619 3551 812 3635; x_wconf 79' lang='lat' dir='ltr'>Theognidis</span> <span class='ocrx_word' id='word_1_283' title='bbox 837 3572 948 3616; x_wconf 79' lang='lat' dir='ltr'>versus</span> <span class='ocrx_word' id='word_1_284' title='bbox 971 3552 1090 3615; x_wconf 80' lang='lat' dir='ltr'>inl&#39;clici</span> <span class='ocrx_word' id='word_1_285' title='bbox 1115 3566 1230 3615; x_wconf 88' lang='lat' dir='ltr'>eventu</span> <span class='ocrx_word' id='word_1_286' title='bbox 1255 3552 1435 3631; x_wconf 81' lang='lat' dir='ltr'>variaverit,</span> <span class='ocrx_word' id='word_1_287' title='bbox 1459 3553 1555 3614; x_wconf 90' lang='lat' dir='ltr'>ctiam</span> <span class='ocrx_word' id='word_1_288' title='bbox 1578 3556 1731 3614; x_wconf 87' lang='lat' dir='ltr'>attentata</span> <span class='ocrx_word' id='word_1_289' title='bbox 1747 3549 1873 3614; x_wconf 85' lang='lat' dir='ltr'>Solonis</span> <span class='ocrx_word' id='word_1_290' title='bbox 1893 3549 1992 3613; x_wconf 87' lang='lat' dir='ltr'>verba</span> 
     </span>
     <span class='ocr_line' id='line_1_27' title="bbox 191 3669 1989 3763; baseline 0.002 -32"><span class='ocrx_word' id='word_1_291' title='bbox 191 3669 356 3738; x_wconf 85' lang='lat' dir='ltr'>attribuas.</span> <span class='ocrx_word' id='word_1_292' title='bbox 403 3676 479 3738; x_wconf 91' lang='lat' dir='ltr'>mihi</span> <span class='ocrx_word' id='word_1_293' title='bbox 504 3682 588 3739; x_wconf 89' lang='lat' dir='ltr'>ccrtc</span> <span class='ocrx_word' id='word_1_294' title='bbox 612 3678 791 3740; x_wconf 76' lang='lat' dir='ltr'>videtur-</span> <span class='ocrx_word' id='word_1_295' title='bbox 804 3678 978 3763; x_wconf 82' lang='lat' dir='ltr'>perfungar</span> <span class='ocrx_word' id='word_1_296' title='bbox 994 3679 1078 3741; x_wconf 90' lang='lat' dir='ltr'>euim</span> <span class='ocrx_word' id='word_1_297' title='bbox 1099 3676 1246 3758; x_wconf 83' lang='lat' dir='ltr'>exemplo</span> <span class='ocrx_word' id='word_1_298' title='bbox 1259 3713 1300 3720; x_wconf 89' lang='lat'>—</span> <span class='ocrx_word' id='word_1_299' title='bbox 1316 3676 1530 3760; x_wconf 85' lang='lat' dir='ltr'>discrepantia</span> <span class='ocrx_word' id='word_1_300' title='bbox 1544 3675 1737 3759; x_wconf 82' lang='lat' dir='ltr'>Theognidis</span> <span class='ocrx_word' id='word_1_301' title='bbox 1751 3695 1801 3737; x_wconf 89' lang='lat' dir='ltr'>vv.</span> <span class='ocrx_word' id='word_1_302' title='bbox 1815 3674 1989 3736; x_wconf 80' lang='lat'>226-232</span> 
     </span>
     <span class='ocr_line' id='line_1_28' title="bbox 189 3796 1990 3885; baseline 0.003 -31"><span class='ocrx_word' id='word_1_303' title='bbox 189 3796 362 3859; x_wconf 77' lang='lat' dir='ltr'>eso-oce</span> <span class='ocrx_word' id='word_1_304' title='bbox 387 3819 405 3861; x_wconf 90' lang='lat' dir='ltr'>a</span> <span class='ocrx_word' id='word_1_305' title='bbox 429 3807 519 3864; x_wconf 79' lang='lat' dir='ltr'>tortu</span> <span class='ocrx_word' id='word_1_306' title='bbox 545 3802 670 3865; x_wconf 81' lang='lat' dir='ltr'>Solonis</span> <span class='ocrx_word' id='word_1_307' title='bbox 695 3802 866 3866; x_wconf 91' lang='lat' dir='ltr'>stebaeauo</span> <span class='ocrx_word' id='word_1_308' title='bbox 891 3802 997 3865; x_wconf 84' lang='lat' dir='ltr'>Floril.</span> <span class='ocrx_word' id='word_1_309' title='bbox 1023 3803 1095 3883; x_wconf 76' lang='grc'>9,·25</span> <span class='ocrx_word' id='word_1_310' title='bbox 1120 3803 1162 3864; x_wconf 89' lang='lat' dir='ltr'>itu</span> <span class='ocrx_word' id='word_1_311' title='bbox 1188 3802 1304 3884; x_wconf 90' lang='lat' dir='ltr'>optimc</span> <span class='ocrx_word' id='word_1_312' title='bbox 1328 3801 1489 3885; x_wconf 80' lang='lat' dir='ltr'>explicari.</span> <span class='ocrx_word' id='word_1_313' title='bbox 1514 3820 1588 3863; x_wconf 90' lang='lat' dir='ltr'>uanr</span> <span class='ocrx_word' id='word_1_314' title='bbox 1620 3804 1746 3883; x_wconf 88' lang='lat' dir='ltr'>praeter</span> <span class='ocrx_word' id='word_1_315' title='bbox 1777 3805 1881 3863; x_wconf 91' lang='lat' dir='ltr'>cetera</span> <span class='ocrx_word' id='word_1_316' title='bbox 1916 3799 1990 3880; x_wconf 89' lang='lat' dir='ltr'>quis</span> 
     </span>
     <span class='ocr_line' id='line_1_29' title="bbox 188 3922 1934 4011; baseline 0.003 -31"><span class='ocrx_word' id='word_1_317' title='bbox 188 3938 250 3981; x_wconf 78' lang='lat' dir='ltr'>iren</span> <span class='ocrx_word' id='word_1_318' title='bbox 277 3922 392 3984; x_wconf 88' lang='lat' dir='ltr'>viderit</span> <span class='ocrx_word' id='word_1_319' title='bbox 415 3931 648 4004; x_wconf 87' lang='lat' dir='ltr'>pentametrum</span> <span class='ocrx_word' id='word_1_320' title='bbox 673 3928 799 3991; x_wconf 70' lang='lat' dir='ltr'>Stilonis</span> <span class='ocrx_word' id='word_1_321' title='bbox 826 3929 865 3988; x_wconf 76' lang='lat' dir='ltr'>tt</span> <span class='ocrx_word' id='word_1_322' title='bbox 889 3935 921 3992; x_wconf 92' lang='lat' dir='ltr'>ct</span> <span class='ocrx_word' id='word_1_323' title='bbox 945 3948 1027 4011; x_wconf 74' lang='lat' dir='ltr'>qum</span> <span class='ocrx_word' id='word_1_324' title='bbox 1050 3928 1153 3989; x_wconf 87' lang='lat' dir='ltr'>statim</span> <span class='ocrx_word' id='word_1_325' title='bbox 1178 3932 1333 3988; x_wconf 88' lang='lat' dir='ltr'>secuntur</span> <span class='ocrx_word' id='word_1_326' title='bbox 1357 3927 1401 3988; x_wconf 92' lang='lat' dir='ltr'>ita</span> <span class='ocrx_word' id='word_1_327' title='bbox 1424 3929 1508 3987; x_wconf 85' lang='lat' dir='ltr'>recto</span> <span class='ocrx_word' id='word_1_328' title='bbox 1532 3927 1627 3989; x_wconf 85' lang='lat' dir='ltr'>scribi</span> <span class='ocrx_word' id='word_1_329' title='bbox 1652 3925 1737 4008; x_wconf 89' lang='lat' dir='ltr'>apud</span> <span class='ocrx_word' id='word_1_330' title='bbox 1763 3923 1934 3987; x_wconf 74' lang='lat' dir='ltr'>Stobaeum</span> 
     </span>
    </p>

    <p class='ocr_par' dir='ltr' id='par_1_4' title="bbox 188 4039 1238 4634">
     <span class='ocr_line' id='line_1_30' title="bbox 506 4039 1217 4139; baseline -0.001 -27"><span class='ocrx_word' id='word_1_331' title='bbox 506 4048 618 4134; x_wconf 65' lang='grc' dir='ltr'>κέρδεα</span> <span class='ocrx_word' id='word_1_332' title='bbox 644 4055 710 4128; x_wconf 67' lang='grc' dir='ltr'>τοῖς</span> <span class='ocrx_word' id='word_1_333' title='bbox 737 4054 869 4139; x_wconf 57' lang='lat' dir='ltr'>itaq-roi,r</span> <span class='ocrx_word' id='word_1_334' title='bbox 893 4039 1034 4113; x_wconf 65' lang='lat' dir='ltr'>dictatur</span> <span class='ocrx_word' id='word_1_335' title='bbox 1056 4046 1217 4113; x_wconf 69' lang='lat' dir='ltr'>titiliacum</span> 
     </span>
     <span class='ocr_line' id='line_1_31' title="bbox 452 4161 1007 4263; baseline 0.007 -30"><span class='ocrx_word' id='word_1_336' title='bbox 452 4161 514 4259; x_wconf 61' lang='grc' dir='ltr'>ιίἰη1</span> <span class='ocrx_word' id='word_1_337' title='bbox 538 4174 568 4233; x_wconf 79' lang='lat' dir='ltr'>d’</span> <span class='ocrx_word' id='word_1_338' title='bbox 592 4172 627 4253; x_wconf 71' lang='grc' dir='ltr'>ἕξ</span> <span class='ocrx_word' id='word_1_339' title='bbox 649 4169 752 4240; x_wconf 69' lang='lat' dir='ltr'>ardradi·</span> <span class='ocrx_word' id='word_1_340' title='bbox 775 4169 1007 4263; x_wconf 77' lang='lat' dir='ltr'>druqar&#39;recru·</span> 
     </span>
     <span class='ocr_line' id='line_1_32' title="bbox 188 4291 950 4380; baseline 0.013 -27"><span class='ocrx_word' id='word_1_341' title='bbox 188 4291 271 4354; x_wconf 92' lang='lat' dir='ltr'>unde</span> <span class='ocrx_word' id='word_1_342' title='bbox 294 4292 489 4375; x_wconf 71' lang='lat' dir='ltr'>&#39;theognidis</span> <span class='ocrx_word' id='word_1_343' title='bbox 514 4298 722 4380; x_wconf 84' lang='lat' dir='ltr'>interpolatur</span> <span class='ocrx_word' id='word_1_344' title='bbox 745 4302 822 4364; x_wconf 89' lang='lat' dir='ltr'>hacc</span> <span class='ocrx_word' id='word_1_345' title='bbox 846 4302 950 4364; x_wconf 88' lang='lat' dir='ltr'>cll&#39;ccit</span> 
     </span>
     <span class='ocr_line' id='line_1_33' title="bbox 504 4415 1238 4511; baseline 0.003 -26"><span class='ocrx_word' id='word_1_346' title='bbox 504 4416 652 4508; x_wconf 69' lang='grc' dir='ltr'>χρήματα</span> <span class='ocrx_word' id='word_1_347' title='bbox 680 4427 746 4498; x_wconf 67' lang='lat' dir='ltr'>rui,¹</span> <span class='ocrx_word' id='word_1_348' title='bbox 772 4429 904 4510; x_wconf 59' lang='grc' dir='ltr'>θνητοῖς</span> <span class='ocrx_word' id='word_1_349' title='bbox 927 4419 1047 4508; x_wconf 66' lang='lat' dir='ltr'>yu&#39;rcrru</span> <span class='ocrx_word' id='word_1_350' title='bbox 1075 4415 1238 4511; x_wconf 60' lang='grc' dir='ltr'>ἀφροσύνη</span> 
     </span>
     <span class='ocr_line' id='line_1_34' title="bbox 451 4533 998 4634; baseline 0.009 -29"><span class='ocrx_word' id='word_1_351' title='bbox 451 4533 512 4631; x_wconf 72' lang='lat' dir='ltr'>deq</span> <span class='ocrx_word' id='word_1_352' title='bbox 537 4546 566 4607; x_wconf 79' lang='lat' dir='ltr'>d&#39;</span> <span class='ocrx_word' id='word_1_353' title='bbox 590 4544 625 4626; x_wconf 65' lang='grc' dir='ltr'>ἕξ</span> <span class='ocrx_word' id='word_1_354' title='bbox 647 4538 754 4634; x_wconf 64' lang='grc' dir='ltr'><em>(ιῦιῇς’</em></span> <span class='ocrx_word' id='word_1_355' title='bbox 767 4540 998 4633; x_wconf 74' lang='lat' dir='ltr'>airnquharae·</span> 
     </span>
    </p>

    <p class='ocr_par' dir='ltr' id='par_1_5' title="bbox 184 4653 1989 5128">
     <span class='ocr_line' id='line_1_35' title="bbox 188 4653 1989 4755; baseline 0.006 -34"><span class='ocrx_word' id='word_1_356' title='bbox 188 4660 241 4723; x_wconf 91' lang='lat' dir='ltr'>ubi</span> <span class='ocrx_word' id='word_1_357' title='bbox 267 4653 430 4755; x_wconf 72' lang='lat' dir='ltr'>aiqpouiuq</span> <span class='ocrx_word' id='word_1_358' title='bbox 447 4671 523 4752; x_wconf 93' lang='lat' dir='ltr'>quid</span> <span class='ocrx_word' id='word_1_359' title='bbox 542 4670 601 4733; x_wconf 90' lang='lat' dir='ltr'>sibi</span> <span class='ocrx_word' id='word_1_360' title='bbox 629 4673 761 4734; x_wconf 88' lang='lat' dir='ltr'>velitne</span> <span class='ocrx_word' id='word_1_361' title='bbox 786 4673 932 4755; x_wconf 88' lang='lat' dir='ltr'>intellego</span> <span class='ocrx_word' id='word_1_362' title='bbox 958 4672 1097 4754; x_wconf 90' lang='lat' dir='ltr'>quidem.</span> <span class='ocrx_word' id='word_1_363' title='bbox 1146 4678 1250 4734; x_wconf 89' lang='lat' dir='ltr'>colera</span> <span class='ocrx_word' id='word_1_364' title='bbox 1275 4672 1306 4732; x_wconf 94' lang='lat' dir='ltr'>in</span> <span class='ocrx_word' id='word_1_365' title='bbox 1332 4672 1392 4733; x_wconf 93' lang='lat' dir='ltr'>hoc</span> <span class='ocrx_word' id='word_1_366' title='bbox 1416 4671 1520 4753; x_wconf 93' lang='lat' dir='ltr'>priore</span> <span class='ocrx_word' id='word_1_367' title='bbox 1541 4675 1691 4755; x_wconf 81' lang='lat' dir='ltr'>excerpto</span> <span class='ocrx_word' id='word_1_368' title='bbox 1715 4706 1758 4715; x_wconf 84' lang='lat'><em>-</em></span> <span class='ocrx_word' id='word_1_369' title='bbox 1783 4668 1912 4751; x_wconf 84' lang='lat' dir='ltr'>volgare</span> <span class='ocrx_word' id='word_1_370' title='bbox 1935 4659 1989 4731; x_wconf 79' lang='lat' dir='ltr'>dr·</span> 
     </span>
     <span class='ocr_line' id='line_1_36' title="bbox 189 4781 1988 4881; baseline 0.004 -33"><span class='ocrx_word' id='word_1_371' title='bbox 189 4781 358 4869; x_wconf 63' lang='lat' dir='ltr'>:laetanea</span> <span class='ocrx_word' id='word_1_372' title='bbox 389 4794 601 4858; x_wconf 87' lang='lat' dir='ltr'>substitutum</span> <span class='ocrx_word' id='word_1_373' title='bbox 638 4816 665 4857; x_wconf 92' lang='lat' dir='ltr'>v.</span> <span class='ocrx_word' id='word_1_374' title='bbox 691 4797 729 4856; x_wconf 80' lang='lat' dir='ltr'>ll</span> <span class='ocrx_word' id='word_1_375' title='bbox 755 4798 895 4881; x_wconf 84' lang='lat' dir='ltr'>genuine</span> <span class='ocrx_word' id='word_1_376' title='bbox 932 4791 1068 4879; x_wconf 62' lang='grc' dir='ltr'>ἀνδράσι</span> <span class='ocrx_word' id='word_1_377' title='bbox 1096 4799 1212 4871; x_wconf 77' lang='lat' dir='ltr'>acina,</span> <span class='ocrx_word' id='word_1_378' title='bbox 1249 4796 1334 4876; x_wconf 74' lang='lat' dir='ltr'>‹qrrtul</span> <span class='ocrx_word' id='word_1_379' title='bbox 1367 4795 1545 4858; x_wconf 75' lang='lat' dir='ltr'>Aristotelis</span> <span class='ocrx_word' id='word_1_380' title='bbox 1580 4795 1770 4877; x_wconf 89' lang='lat' dir='ltr'>gravissimo</span> <span class='ocrx_word' id='word_1_381' title='bbox 1806 4794 1988 4858; x_wconf 91' lang='lat' dir='ltr'>testimonio</span> 
     </span>
     <span class='ocr_line' id='line_1_37' title="bbox 184 4908 1988 5007; baseline 0.006 -38"><span class='ocrx_word' id='word_1_382' title='bbox 184 4908 329 4993; x_wconf 81' lang='lat' dir='ltr'>fulcitur,</span> <span class='ocrx_word' id='word_1_383' title='bbox 351 4916 548 5002; x_wconf 56' lang='grc' dir='ltr'>’τειρομένοις</span> <span class='ocrx_word' id='word_1_384' title='bbox 586 4942 614 4981; x_wconf 87' lang='lat' dir='ltr'>v.</span> <span class='ocrx_word' id='word_1_385' title='bbox 641 4918 681 4980; x_wconf 79' lang='lat' dir='ltr'>iti</span> <span class='ocrx_word' id='word_1_386' title='bbox 706 4923 872 5003; x_wconf 86' lang='lat' dir='ltr'>scriptum,</span> <span class='ocrx_word' id='word_1_387' title='bbox 907 4919 959 4981; x_wconf 91' lang='lat' dir='ltr'>nbi</span> <span class='ocrx_word' id='word_1_388' title='bbox 989 4917 1158 5007; x_wconf 69' lang='lat' dir='ltr'>rurupirqr</span> <span class='ocrx_word' id='word_1_389' title='bbox 1181 4921 1298 5005; x_wconf 85' lang='lat' dir='ltr'>optimc</span> <span class='ocrx_word' id='word_1_390' title='bbox 1323 4938 1356 4983; x_wconf 88' lang='lat' dir='ltr'>se</span> <span class='ocrx_word' id='word_1_391' title='bbox 1380 4919 1475 4982; x_wconf 91' lang='lat' dir='ltr'>habet</span> <span class='ocrx_word' id='word_1_392' title='bbox 1498 4955 1540 4964; x_wconf 95' lang='lat'><em>-</em></span> <span class='ocrx_word' id='word_1_393' title='bbox 1566 4920 1617 4979; x_wconf 80' lang='lat' dir='ltr'>vix</span> <span class='ocrx_word' id='word_1_394' title='bbox 1644 4918 1859 5005; x_wconf 82' lang='lat' dir='ltr'>explicatione</span> <span class='ocrx_word' id='word_1_395' title='bbox 1885 4924 1988 5001; x_wconf 91' lang='lat' dir='ltr'>egent.</span> 
     </span>
     <span class='ocr_line' id='line_1_38' title="bbox 184 5035 1987 5128; baseline 0.002 -29"><span class='ocrx_word' id='word_1_396' title='bbox 184 5035 264 5101; x_wconf 80' lang='lat' dir='ltr'>false</span> <span class='ocrx_word' id='word_1_397' title='bbox 289 5046 396 5102; x_wconf 88' lang='lat' dir='ltr'>autem</span> <span class='ocrx_word' id='word_1_398' title='bbox 421 5061 509 5108; x_wconf 91' lang='lat' dir='ltr'>nune</span> <span class='ocrx_word' id='word_1_399' title='bbox 533 5063 663 5128; x_wconf 80' lang='lat' dir='ltr'>qvieque</span> <span class='ocrx_word' id='word_1_400' title='bbox 687 5049 847 5107; x_wconf 85' lang='lat' dir='ltr'>testantur</span> <span class='ocrx_word' id='word_1_401' title='bbox 871 5042 1009 5106; x_wconf 88' lang='lat' dir='ltr'>editores</span> <span class='ocrx_word' id='word_1_402' title='bbox 1044 5064 1071 5109; x_wconf 89' lang='lat' dir='ltr'>v.</span> <span class='ocrx_word' id='word_1_403' title='bbox 1097 5046 1137 5107; x_wconf 79' lang='lat' dir='ltr'>i2</span> <span class='ocrx_word' id='word_1_404' title='bbox 1164 5039 1235 5107; x_wconf 77' lang='lat' dir='ltr'>ador</span> <span class='ocrx_word' id='word_1_405' title='bbox 1259 5044 1356 5107; x_wconf 88' lang='lat' dir='ltr'>scribi</span> <span class='ocrx_word' id='word_1_406' title='bbox 1381 5042 1465 5126; x_wconf 90' lang='lat' dir='ltr'>apud</span> <span class='ocrx_word' id='word_1_407' title='bbox 1488 5042 1721 5126; x_wconf 80' lang='lat' dir='ltr'>Theognidem:</span> <span class='ocrx_word' id='word_1_408' title='bbox 1758 5047 1843 5107; x_wconf 88' lang='lat' dir='ltr'>certe</span> <span class='ocrx_word' id='word_1_409' title='bbox 1871 5044 1905 5104; x_wconf 92' lang='lat' dir='ltr'>in</span> <span class='ocrx_word' id='word_1_410' title='bbox 1929 5040 1987 5103; x_wconf 86' lang='lat' dir='ltr'>AB</span> 
     </span>
    </p>
   </div>
   <div class='ocr_carea' id='block_1_3' title="bbox 0 0 2192 5528">
    <p class='ocr_par' dir='ltr' id='par_1_6' title="bbox 0 0 2192 5528">
     <span class='ocr_line' id='line_1_39' title="bbox 0 0 2192 5528; baseline 0 0"><span class='ocrx_word' id='word_1_411' title='bbox 0 0 2192 5528; x_wconf 95' lang='lat' dir='ltr'> </span> 
     </span>
    </p>
   </div>
  </div>
 </body>
</html>
